<?xml version="1.0" encoding="UTF-8"?>

<OAI-PMH xmlns="http://www.openarchives.org/OAI/2.0/" xmlns:xsi="http://www.w3.org/2001/XMLSchema-instance" xsi:schemaLocation="http://www.openarchives.org/OAI/2.0/ http://www.openarchives.org/OAI/2.0/OAI-PMH.xsd">

<responseDate>2020-08-24T18:52:00Z</responseDate>
<request verb="ListRecords" set="Mathematics_and_Statistics" metadataPrefix="marcxml">https://www.doabooks.org/oai</request>

<ListRecords>
<record>
<header>
<identifier>oai:doab-books:12789</identifier>
<datestamp>2020-05-04T10:18:49Z</datestamp>
<setSpec>Mathematics_and_Statistics</setSpec>
<setSpec>Business_and_Economics</setSpec>
<setSpec>Philosophy_and_Religion</setSpec>
<setSpec>publisher_1089</setSpec>
</header>
<metadata>
    <record xmlns="http://www.loc.gov/MARC21/slim" xmlns:xsi="http://www.w3.org/2001/XMLSchema-instance" xsi:schemaLocation="http://www.loc.gov/standards/marcxml/schema/MARC21slim.xsd">
        <leader>     nam  22     3u     </leader>
        <controlfield tag="001">12789</controlfield>
        <controlfield tag="005">20200504</controlfield>
        <controlfield tag="007">cuuuu---auuuu</controlfield>
        <controlfield tag="008">200504s||||    xx      o     0   u ||| |</controlfield>
    <datafield tag="020" ind1=" " ind2=" ">
      <subfield code="a">9789089640574</subfield>
    </datafield>
    <datafield tag="024" ind1="7" ind2=" ">
      <subfield code="a">10.5117/9789089640574</subfield>
      <subfield code="2">doi</subfield>
    </datafield>
        <datafield tag="100" ind1="1" ind2=" ">
          <subfield code="a">van Rooij, Robert</subfield>
          <subfield code="4">aut</subfield>
        </datafield>
        <datafield tag="245" ind1="1" ind2=" ">
          <subfield code="a">New Perspectives on Games and Interaction</subfield>
        </datafield>
        <datafield tag="260" ind1=" " ind2=" ">
          <subfield code="b">Amsterdam University Press</subfield>
          <subfield code="c">2008</subfield>
        </datafield>
        <datafield tag="300" ind1=" " ind2=" ">
          <subfield code="a">1 electronic resource (330 p.)</subfield>
        </datafield>
        <datafield tag="520" ind1=" " ind2=" ">
          <subfield code="a">This volume is a collection of papers presented at the 2007 colloquium on new perspectives on games and interaction at the Royal Dutch Academy of Sciences in Amsterdam. The purpose of the colloquium was to clarify the uses of the concepts of game theory, and to identify promising new directions. This important collection testifies to the growing importance of game theory as a tool to capture the concepts of strategy, interaction, argumentation, communication, cooperation and competition. Also, it provides evidence for the richness of game theory and for its impressive and growing application.</subfield>
        </datafield>
        <datafield tag="546" ind1=" " ind2=" ">
          <subfield code="a">Undetermined</subfield>
        </datafield>
        <datafield tag="650" ind1=" " ind2="0">
          <subfield code="a">Mathematics</subfield>
        </datafield>
        <datafield tag="650" ind1=" " ind2="0">
          <subfield code="a">Economic theory. Demography</subfield>
        </datafield>
        <datafield tag="650" ind1=" " ind2="0">
          <subfield code="a">Philosophy (General)</subfield>
        </datafield>
        <datafield tag="653" ind1=" " ind2=" ">
          <subfield code="a">philosophy</subfield>
        </datafield>
        <datafield tag="653" ind1=" " ind2=" ">
          <subfield code="a">economics</subfield>
        </datafield>
        <datafield tag="653" ind1=" " ind2=" ">
          <subfield code="a">economie</subfield>
        </datafield>
        <datafield tag="653" ind1=" " ind2=" ">
          <subfield code="a">filosofie</subfield>
        </datafield>
        <datafield tag="653" ind1=" " ind2=" ">
          <subfield code="a">mathematics</subfield>
        </datafield>
        <datafield tag="653" ind1=" " ind2=" ">
          <subfield code="a">wiskunde</subfield>
        </datafield>
        <datafield tag="700" ind1="1" ind2=" ">
          <subfield code="a">Apt, Krzysztof</subfield>
          <subfield code="4">aut</subfield>
        </datafield>
        <datafield tag="856" ind1="4" ind2="0">
          <subfield code="u">https://www.doabooks.org/doab?func=fulltext&amp;rid=12789</subfield>
          <subfield code="z">Description of rights in Directory of Open Access Books (DOAB): Attribution Non-commercial (CC by-nc)</subfield>
        </datafield>
        <datafield tag="856" ind1="4" ind2="0">
          <subfield code="u">http://library.oapen.org/bitstream/20.500.12657/35256/1/340074.pdf</subfield>
        </datafield>
    </record>
</metadata>
</record>