
<record>
<header>
<identifier>oai:doab-books:13087</identifier>
<datestamp>2020-05-04T09:56:43Z</datestamp>
<setSpec>Science_General</setSpec>
<setSpec>Mathematics_and_Statistics</setSpec>
<setSpec>publisher_1092</setSpec>
</header>
<metadata>
    <record xmlns="http://www.loc.gov/MARC21/slim" xmlns:xsi="http://www.w3.org/2001/XMLSchema-instance" xsi:schemaLocation="http://www.loc.gov/standards/marcxml/schema/MARC21slim.xsd">
        <leader>     nam  22     3u     </leader>
        <controlfield tag="001">13087</controlfield>
        <controlfield tag="005">20200504</controlfield>
        <controlfield tag="007">cuuuu---auuuu</controlfield>
        <controlfield tag="008">200504s||||    xx      o     0   u ||| |</controlfield>
    <datafield tag="020" ind1=" " ind2=" ">
      <subfield code="a">9783938616352</subfield>
    </datafield>
    <datafield tag="020" ind1=" " ind2=" ">
      <subfield code="a">3938616350</subfield>
    </datafield>
    <datafield tag="024" ind1="7" ind2=" ">
      <subfield code="a">10.17875/gup2006-49</subfield>
      <subfield code="2">doi</subfield>
    </datafield>
        <datafield tag="100" ind1="1" ind2=" ">
          <subfield code="a">Lemmermeyer, Franz,</subfield>
          <subfield code="4">aut</subfield>
        </datafield>
        <datafield tag="245" ind1="1" ind2=" ">
          <subfield code="a">Helmut Hasse und Emmy Noether - Die Korrespondenz 1925 - 1935</subfield>
        </datafield>
        <datafield tag="260" ind1=" " ind2=" ">
          <subfield code="b">Universitätsverlag Göttingen</subfield>
          <subfield code="c">2006</subfield>
        </datafield>
        <datafield tag="300" ind1=" " ind2=" ">
          <subfield code="a">1 electronic resource ( p.)</subfield>
        </datafield>
        <datafield tag="520" ind1=" " ind2=" ">
          <subfield code="a">This book reproduces the complete extant correspondence between Emmy Noether and Helmut Hasse. There are 82 such letters, of which 79 are from Noether to Hasse, dating from 1925 until Noether&apos;s sudden death in 1935. The correspondence reflects a crucial period in the development of 20th century algebra and number theory, in particular class field theory. Details of proofs appear alongside with conjectures and speculations. Also discussed are questions of textbook presentation, e.g., of Galois theory. Aside from mathematical details, the spontaneity of Noether&apos;s style allows many glimpses at the image that Emmy Noether and Helmut Hasse had of the topics they were working in. The Hasse - Noether correspondence is a rich source for those who are interested in the rise and the development of mathematical notions and ideas. Each letter is accompanied by a detailed commentary supplied by the editors. For the convenience of the reader, numerous cross-references, extended indexes, and short biographies of all persons mentioned in the correspondence have been added.</subfield>
        </datafield>
        <datafield tag="546" ind1=" " ind2=" ">
          <subfield code="a">German</subfield>
        </datafield>
        <datafield tag="650" ind1=" " ind2="0">
          <subfield code="a">Science (General)</subfield>
        </datafield>
        <datafield tag="650" ind1=" " ind2="0">
          <subfield code="a">Mathematics</subfield>
        </datafield>
        <datafield tag="653" ind1=" " ind2=" ">
          <subfield code="a">mathematics</subfield>
        </datafield>
        <datafield tag="653" ind1=" " ind2=" ">
          <subfield code="a">correspondence</subfield>
        </datafield>
        <datafield tag="700" ind1="1" ind2=" ">
          <subfield code="a">Noether, Emmy,</subfield>
          <subfield code="4">aut</subfield>
        </datafield>
        <datafield tag="700" ind1="1" ind2=" ">
          <subfield code="a">Hasse, Helmut,</subfield>
          <subfield code="4">aut</subfield>
        </datafield>
        <datafield tag="700" ind1="1" ind2=" ">
          <subfield code="a">Roquette, Peter,</subfield>
          <subfield code="4">aut</subfield>
        </datafield>
        <datafield tag="856" ind1="4" ind2="0">
          <subfield code="u">https://www.doabooks.org/doab?func=fulltext&amp;rid=13087</subfield>
          <subfield code="z">Description of rights in Directory of Open Access Books (DOAB): Attribution No Derivatives (CC by-nd)</subfield>
        </datafield>
        <datafield tag="856" ind1="4" ind2="0">
          <subfield code="u">http://library.oapen.org/bitstream/20.500.12657/32667/1/610183.pdf</subfield>
        </datafield>
    </record>
</metadata>
</record>