
<record>
<header>
<identifier>oai:doab-books:13241</identifier>
<datestamp>2020-05-04T10:09:54Z</datestamp>
<setSpec>Science_General</setSpec>
<setSpec>Mathematics_and_Statistics</setSpec>
<setSpec>publisher_1092</setSpec>
</header>
<metadata>
    <record xmlns="http://www.loc.gov/MARC21/slim" xmlns:xsi="http://www.w3.org/2001/XMLSchema-instance" xsi:schemaLocation="http://www.loc.gov/standards/marcxml/schema/MARC21slim.xsd">
        <leader>     nam  22     3u     </leader>
        <controlfield tag="001">13241</controlfield>
        <controlfield tag="005">20200504</controlfield>
        <controlfield tag="007">cuuuu---auuuu</controlfield>
        <controlfield tag="008">200504s||||    xx      o     0   u ||| |</controlfield>
    <datafield tag="020" ind1=" " ind2=" ">
      <subfield code="a">9783940344502</subfield>
    </datafield>
    <datafield tag="024" ind1="7" ind2=" ">
      <subfield code="a">10.17875/gup2008-61</subfield>
      <subfield code="2">doi</subfield>
    </datafield>
        <datafield tag="100" ind1="1" ind2=" ">
          <subfield code="a">Lemmermeyer, Franz,</subfield>
          <subfield code="4">aut</subfield>
        </datafield>
        <datafield tag="245" ind1="1" ind2=" ">
          <subfield code="a">Emil Artin und Helmut Hasse - Die Korrespondenz 1923-1934</subfield>
        </datafield>
        <datafield tag="260" ind1=" " ind2=" ">
          <subfield code="b">Universitätsverlag Göttingen</subfield>
          <subfield code="c">2008</subfield>
        </datafield>
        <datafield tag="300" ind1=" " ind2=" ">
          <subfield code="a">1 electronic resource ( p.)</subfield>
        </datafield>
        <datafield tag="520" ind1=" " ind2=" ">
          <subfield code="a">This book contains the full text of the letters from Emil Artin to Helmut Hasse, as they are preserved in the Handschriftenabteilung of the Göttingen University Library. There are 49 such letters, written in the years 1923-1934, discussing mathematical problems of the time. The corresponding letters in the other direction, i.e., from Hasse to Artin, seem to be lost. We have supplemented Artin‘s letters by detailed comments, combined with a description of the mathematical environment of Hasse and Artin, and of the relevant literature. In this way it has become possible to sufficiently reconstruct the content of the corresponding letters from Hasse to Artin too. Artin and Hasse were among those who shaped modern algebraic number theory, in particular class field theory. Their correspondence admits a view of the ideas which led to the great achievements of their time, starting from Artin‘s L-series and his reciprocity law towards Hasse‘s norm symbol, local class field theory and the Local-Global Principle. These letters are a valuable source for understanding the rise and development of mathematical ideas and notions as we see them today. The book is a follow-up of our earlier book on the correspondence between Hasse and Emmy Noether. It is thus the second of a series which aims to open access to the rich collection of Hasse‘s mathematical letters and notes contained in the Göttingen Handschriftenabteilung.</subfield>
        </datafield>
        <datafield tag="546" ind1=" " ind2=" ">
          <subfield code="a">German</subfield>
        </datafield>
        <datafield tag="650" ind1=" " ind2="0">
          <subfield code="a">Science (General)</subfield>
        </datafield>
        <datafield tag="650" ind1=" " ind2="0">
          <subfield code="a">Mathematics</subfield>
        </datafield>
        <datafield tag="653" ind1=" " ind2=" ">
          <subfield code="a">history of mathematics</subfield>
        </datafield>
        <datafield tag="700" ind1="1" ind2=" ">
          <subfield code="a">Frei, Günther,</subfield>
          <subfield code="4">aut</subfield>
        </datafield>
        <datafield tag="700" ind1="1" ind2=" ">
          <subfield code="a">Hasse, Helmut,</subfield>
          <subfield code="4">aut</subfield>
        </datafield>
        <datafield tag="700" ind1="1" ind2=" ">
          <subfield code="a">Artin, Emil,</subfield>
          <subfield code="4">aut</subfield>
        </datafield>
        <datafield tag="700" ind1="1" ind2=" ">
          <subfield code="a">Roquette, Peter,</subfield>
          <subfield code="4">aut</subfield>
        </datafield>
        <datafield tag="856" ind1="4" ind2="0">
          <subfield code="u">https://www.doabooks.org/doab?func=fulltext&amp;rid=13241</subfield>
          <subfield code="z">Description of rights in Directory of Open Access Books (DOAB): Attribution No Derivatives (CC by-nd)</subfield>
        </datafield>
        <datafield tag="856" ind1="4" ind2="0">
          <subfield code="u">http://library.oapen.org/bitstream/20.500.12657/32664/1/610186.pdf</subfield>
        </datafield>
    </record>
</metadata>
</record>