
<record>
<header>
<identifier>oai:doab-books:15243</identifier>
<datestamp>2020-05-04T10:09:54Z</datestamp>
<setSpec>Mathematics_and_Statistics</setSpec>
<setSpec>History_and_Archaeology</setSpec>
<setSpec>publisher_1092</setSpec>
</header>
<metadata>
    <record xmlns="http://www.loc.gov/MARC21/slim" xmlns:xsi="http://www.w3.org/2001/XMLSchema-instance" xsi:schemaLocation="http://www.loc.gov/standards/marcxml/schema/MARC21slim.xsd">
        <leader>     nam  22     3u     </leader>
        <controlfield tag="001">15243</controlfield>
        <controlfield tag="005">20200504</controlfield>
        <controlfield tag="007">cuuuu---auuuu</controlfield>
        <controlfield tag="008">200504s||||    xx      o     0   u ||| |</controlfield>
    <datafield tag="020" ind1=" " ind2=" ">
      <subfield code="a">9783863950729</subfield>
    </datafield>
    <datafield tag="024" ind1="7" ind2=" ">
      <subfield code="a">10.17875/gup2012-53</subfield>
      <subfield code="2">doi</subfield>
    </datafield>
        <datafield tag="100" ind1="1" ind2=" ">
          <subfield code="a">Roquette, Peter,</subfield>
          <subfield code="4">aut</subfield>
        </datafield>
        <datafield tag="245" ind1="1" ind2=" ">
          <subfield code="a">Die mathematischen Tagebücher von Helmut Hasse 1923 - 1935 - with an introduction in English</subfield>
        </datafield>
        <datafield tag="260" ind1=" " ind2=" ">
          <subfield code="b">Universitätsverlag Göttingen</subfield>
          <subfield code="c">2012</subfield>
        </datafield>
        <datafield tag="300" ind1=" " ind2=" ">
          <subfield code="a">1 electronic resource (563 p.)</subfield>
        </datafield>
        <datafield tag="520" ind1=" " ind2=" ">
          <subfield code="a">This book contains the full text of the mathematical notebooks of Helmut Hasse (1898-1979), who was one of the leading mathematicians of the 20th century. The originals have been preserved in the Handschriftenabteilung at the Göttingen University Library. There are a total of seven volumes which contain 98 entries all together; these span the time period from July 1923 to February 1935. Each of the entries is preceded by a short comment. An extensive bibliography is provided. Compared to the other documents and papers from Hasse Nachlass at Göttingen, these papers are quite different. They detail Hasse‘s mathematical background, interests and his way of approaching problems. Many of the entries are inspired by Hasse‘s discussions with other mathematicians (for example, Emil Artin is often mentioned). One of the notable highlights in the entries is the first documentation of Artin‘s conjecture on primitive roots (1927), which Hasse noted down after a discussion with Artin. Another example is the first proof of the Riemann hypothesis for an extended class of function fi elds of high genus, namely those of the generalised Fermat fields with a finite field of constants (1932), after corresponding with Harold Davenport.</subfield>
        </datafield>
        <datafield tag="546" ind1=" " ind2=" ">
          <subfield code="a">German</subfield>
        </datafield>
        <datafield tag="650" ind1=" " ind2="0">
          <subfield code="a">Mathematics</subfield>
        </datafield>
        <datafield tag="650" ind1=" " ind2="0">
          <subfield code="a">History (General)</subfield>
        </datafield>
        <datafield tag="653" ind1=" " ind2=" ">
          <subfield code="a">Notebooks</subfield>
        </datafield>
        <datafield tag="653" ind1=" " ind2=" ">
          <subfield code="a">Göttingen University Library</subfield>
        </datafield>
        <datafield tag="653" ind1=" " ind2=" ">
          <subfield code="a">Harold Davenport</subfield>
        </datafield>
        <datafield tag="653" ind1=" " ind2=" ">
          <subfield code="a">Emil Artin</subfield>
        </datafield>
        <datafield tag="653" ind1=" " ind2=" ">
          <subfield code="a">Riemann Hypothesis</subfield>
        </datafield>
        <datafield tag="700" ind1="1" ind2=" ">
          <subfield code="a">Lemmermeyer, Franz,</subfield>
          <subfield code="4">aut</subfield>
        </datafield>
        <datafield tag="700" ind1="1" ind2=" ">
          <subfield code="a">Hasse, Helmut,</subfield>
          <subfield code="4">aut</subfield>
        </datafield>
        <datafield tag="856" ind1="4" ind2="0">
          <subfield code="u">https://www.doabooks.org/doab?func=fulltext&amp;rid=15243</subfield>
          <subfield code="z">Description of rights in Directory of Open Access Books (DOAB): Attribution No Derivatives (CC by-nd)</subfield>
        </datafield>
        <datafield tag="856" ind1="4" ind2="0">
          <subfield code="u">http://library.oapen.org/bitstream/20.500.12657/32666/1/610184.pdf</subfield>
        </datafield>
    </record>
</metadata>
</record>