
<record>
<header>
<identifier>oai:doab-books:15244</identifier>
<datestamp>2020-05-04T09:57:02Z</datestamp>
<setSpec>Mathematics_and_Statistics</setSpec>
<setSpec>History_and_Archaeology</setSpec>
<setSpec>publisher_1092</setSpec>
</header>
<metadata>
    <record xmlns="http://www.loc.gov/MARC21/slim" xmlns:xsi="http://www.w3.org/2001/XMLSchema-instance" xsi:schemaLocation="http://www.loc.gov/standards/marcxml/schema/MARC21slim.xsd">
        <leader>     nam  22     3u     </leader>
        <controlfield tag="001">15244</controlfield>
        <controlfield tag="005">20200504</controlfield>
        <controlfield tag="007">cuuuu---auuuu</controlfield>
        <controlfield tag="008">200504s||||    xx      o     0   u ||| |</controlfield>
    <datafield tag="020" ind1=" " ind2=" ">
      <subfield code="a">9783863950941</subfield>
    </datafield>
    <datafield tag="024" ind1="7" ind2=" ">
      <subfield code="a">10.17875/gup2012-55</subfield>
      <subfield code="2">doi</subfield>
    </datafield>
        <datafield tag="100" ind1="1" ind2=" ">
          <subfield code="a">Habermann, Katharina,</subfield>
          <subfield code="4">aut</subfield>
        </datafield>
        <datafield tag="245" ind1="1" ind2=" ">
          <subfield code="a">Die Kalenderbriefe des Georg Albrecht Hamberger - im Kontext der Kalenderreform von 1700</subfield>
        </datafield>
        <datafield tag="260" ind1=" " ind2=" ">
          <subfield code="b">Universitätsverlag Göttingen</subfield>
          <subfield code="c">2012</subfield>
        </datafield>
        <datafield tag="300" ind1=" " ind2=" ">
          <subfield code="a">1 electronic resource (197 p.)</subfield>
        </datafield>
        <datafield tag="520" ind1=" " ind2=" ">
          <subfield code="a">Mit der päpstlichen Bulle „Inter Gravissimas“ wurde 1582 der nach Papst Gregor XIII. benannte Gregorianische Kalender eingeführt. In Deutschland wurde dieser Kalender anfangs nur von katholisch regierten Ländern übernommen. Die protestantischen lehnten ihn grundsätzlich - weil vom Papst angeordnet - ab. Das führte zum Paradoxon einer doppelten Kalenderführung in Deutschland während des gesamten 17. Jahrhunderts. Nachdem die Spaltung der Zeitrechnung und des Kalenderwesens in Deutschland über ein Jahrhundert angedauert hatte, wurde von den evangelischen Reichständen auf dem Immerwährenden Reichstag in Regensburg im September 1699 eine Kalenderreform beschlossen und im Jahr 1700 umgesetzt. Die in dieser Edition anlässlich seines 350. Geburtstages veröffentlichten Briefe und Manuskripte des Mathematikers Georg Albrecht Hamberger stammen aus den Jahren 1699 und 1700 und stehen im Zusammenhang mit seinen Aktivitäten im Zuge der Kalenderreform von 1700.</subfield>
        </datafield>
        <datafield tag="546" ind1=" " ind2=" ">
          <subfield code="a">German</subfield>
        </datafield>
        <datafield tag="650" ind1=" " ind2="0">
          <subfield code="a">Mathematics</subfield>
        </datafield>
        <datafield tag="650" ind1=" " ind2="0">
          <subfield code="a">History (General)</subfield>
        </datafield>
        <datafield tag="653" ind1=" " ind2=" ">
          <subfield code="a">Calendar</subfield>
        </datafield>
        <datafield tag="653" ind1=" " ind2=" ">
          <subfield code="a">Calendar Reform</subfield>
        </datafield>
        <datafield tag="653" ind1=" " ind2=" ">
          <subfield code="a">Gregorian Calendar</subfield>
        </datafield>
        <datafield tag="653" ind1=" " ind2=" ">
          <subfield code="a">Letters</subfield>
        </datafield>
        <datafield tag="653" ind1=" " ind2=" ">
          <subfield code="a">Manuscripts</subfield>
        </datafield>
        <datafield tag="653" ind1=" " ind2=" ">
          <subfield code="a">Georg Albrecht Hamberger</subfield>
        </datafield>
        <datafield tag="653" ind1=" " ind2=" ">
          <subfield code="a">17th Century</subfield>
        </datafield>
        <datafield tag="856" ind1="4" ind2="0">
          <subfield code="u">https://www.doabooks.org/doab?func=fulltext&amp;rid=15244</subfield>
          <subfield code="z">Description of rights in Directory of Open Access Books (DOAB): Attribution No Derivatives (CC by-nd)</subfield>
        </datafield>
        <datafield tag="856" ind1="4" ind2="0">
          <subfield code="u">http://library.oapen.org/bitstream/20.500.12657/32665/1/610185.pdf</subfield>
        </datafield>
    </record>
</metadata>
</record>