
<record>
<header>
<identifier>oai:doab-books:15531</identifier>
<datestamp>2018-07-05T17:32:46Z</datestamp>
<setSpec>Mathematics_and_Statistics</setSpec>
<setSpec>publisher_1201</setSpec>
</header>
<metadata>
    <record xmlns="http://www.loc.gov/MARC21/slim" xmlns:xsi="http://www.w3.org/2001/XMLSchema-instance" xsi:schemaLocation="http://www.loc.gov/standards/marcxml/schema/MARC21slim.xsd">
        <leader>     nam  22     3u     </leader>
        <controlfield tag="001">15531</controlfield>
        <controlfield tag="005">20180705</controlfield>
        <controlfield tag="007">cuuuu---auuuu</controlfield>
        <controlfield tag="008">180705s||||    xx      o     0   u ||| |</controlfield>
    <datafield tag="020" ind1=" " ind2=" ">
      <subfield code="a">9788895994574</subfield>
    </datafield>
        <datafield tag="100" ind1="1" ind2=" ">
          <subfield code="a">Antonio Giuliano Zippo</subfield>
          <subfield code="4">aut</subfield>
        </datafield>
        <datafield tag="245" ind1="1" ind2=" ">
          <subfield code="a">Neuronal ensemble modelling and analysis with variable order Markov models</subfield>
        </datafield>
        <datafield tag="260" ind1=" " ind2=" ">
          <subfield code="b">Ledizioni</subfield>
          <subfield code="c">2011</subfield>
        </datafield>
        <datafield tag="300" ind1=" " ind2=" ">
          <subfield code="a">1 electronic resource ( p.)</subfield>
        </datafield>
        <datafield tag="520" ind1=" " ind2=" ">
          <subfield code="a">Neuronal cells (neurons) mainly transmit signals by action potentials or spikes. Neuronal electrical activity is recorded from experimental animals by microelectrodes placed in specific brain areas. These electrochemical fast phenomena occur as all-or-none events and can be analyzed as boolean sequences. Following this approach, several computational analyses reported most variable neuronal behaviors expressed through a large variety of firing patterns [13]. These patterns have been modeled as symbolic strings with a number of different techniques [23, 55]. The results obtained with these methods come (i) from Ventrobasal Thalamic Nuclei (VB) and Somatosensory Cortex (SSI) in Chronic Pain Animals (CPAs), (ii) from Primary Visual (V1) and (SSI) in rat Cortices and, finally, (iii) from IL human Thalamus Nuclei in patients suffering from states of disordered consciousness like Persistent Vegetative State (PVS) and Minimum Conscious State (MCS).</subfield>
        </datafield>
        <datafield tag="546" ind1=" " ind2=" ">
          <subfield code="a">English</subfield>
        </datafield>
        <datafield tag="650" ind1=" " ind2="0">
          <subfield code="a">Mathematics</subfield>
        </datafield>
        <datafield tag="653" ind1=" " ind2=" ">
          <subfield code="a">Mathematical</subfield>
        </datafield>
        <datafield tag="856" ind1="4" ind2="0">
          <subfield code="u">https://www.doabooks.org/doab?func=fulltext&amp;rid=15531</subfield>
          <subfield code="z">Description of rights in Directory of Open Access Books (DOAB): Attribution Non-commercial Share Alike (CC by-nc-sa)</subfield>
        </datafield>
        <datafield tag="856" ind1="4" ind2="0">
          <subfield code="u">http://www.ledizioni.it/stag/wp-content/uploads/2014/02/Zippo_9788895994574.pdf</subfield>
        </datafield>
    </record>
</metadata>
</record>