
<record>
<header>
<identifier>oai:doab-books:15545</identifier>
<datestamp>2018-07-05T17:20:15Z</datestamp>
<setSpec>Mathematics_and_Statistics</setSpec>
<setSpec>publisher_1201</setSpec>
</header>
<metadata>
    <record xmlns="http://www.loc.gov/MARC21/slim" xmlns:xsi="http://www.w3.org/2001/XMLSchema-instance" xsi:schemaLocation="http://www.loc.gov/standards/marcxml/schema/MARC21slim.xsd">
        <leader>     nam  22     3u     </leader>
        <controlfield tag="001">15545</controlfield>
        <controlfield tag="005">20180705</controlfield>
        <controlfield tag="007">cuuuu---auuuu</controlfield>
        <controlfield tag="008">180705s||||    xx      o     0   u ||| |</controlfield>
    <datafield tag="020" ind1=" " ind2=" ">
      <subfield code="a">9788867051199</subfield>
    </datafield>
        <datafield tag="100" ind1="1" ind2=" ">
          <subfield code="a">Pierangela Accomazzo, Silvia Beltramino, Ada Sargenti </subfield>
          <subfield code="4">aut</subfield>
        </datafield>
        <datafield tag="245" ind1="1" ind2=" ">
          <subfield code="a">Esplorazioni Matematiche con Geogebra</subfield>
        </datafield>
        <datafield tag="260" ind1=" " ind2=" ">
          <subfield code="b">Ledizioni</subfield>
          <subfield code="c">2013</subfield>
        </datafield>
        <datafield tag="300" ind1=" " ind2=" ">
          <subfield code="a">1 electronic resource ( p.)</subfield>
        </datafield>
        <datafield tag="520" ind1=" " ind2=" ">
          <subfield code="a">GeoGebra (http://www.geogebra.org/cms/) è un software di geometria dinamica con cui gli studenti possono costruire figure attraverso l’uso di comandi che permettono di collocare oggetti geometrici su un piano. La caratteristica peculiare di GeoGebra è la dinamicità. GeoGebra è gratuito: infatti è un software open-source che si sta diffondendo sempre di più. Questo volume nasce come realizzazione di un progetto di formazione insegnanti con l’utilizzo di GeoGebra, nell’ambito del Piano Lauree Scientifiche di Matematica coordinato da Ornella Robutti nell’anno 2012-13. Il contenuto di questo volume è centrato su un approccio laboratoriale alla matematica, in particolare alla geometria, con l’utilizzo di GeoGebra.</subfield>
        </datafield>
        <datafield tag="546" ind1=" " ind2=" ">
          <subfield code="a">Italian</subfield>
        </datafield>
        <datafield tag="650" ind1=" " ind2="0">
          <subfield code="a">Mathematics</subfield>
        </datafield>
        <datafield tag="856" ind1="4" ind2="0">
          <subfield code="u">https://www.doabooks.org/doab?func=fulltext&amp;rid=15545</subfield>
          <subfield code="z">Description of rights in Directory of Open Access Books (DOAB): Attribution Non-commercial Share Alike (CC by-nc-sa)</subfield>
        </datafield>
        <datafield tag="856" ind1="4" ind2="0">
          <subfield code="u">http://www.ledizioni.it/stag/wp-content/uploads/2014/02/Esplorazioni-matematiche-con-GeoGebra.pdf</subfield>
        </datafield>
    </record>
</metadata>
</record>