
<record>
<header>
<identifier>oai:doab-books:15939</identifier>
<datestamp>2018-05-14T13:33:51Z</datestamp>
<setSpec>Social_Sciences</setSpec>
<setSpec>Mathematics_and_Statistics</setSpec>
<setSpec>publisher_1201</setSpec>
</header>
<metadata>
    <record xmlns="http://www.loc.gov/MARC21/slim" xmlns:xsi="http://www.w3.org/2001/XMLSchema-instance" xsi:schemaLocation="http://www.loc.gov/standards/marcxml/schema/MARC21slim.xsd">
        <leader>     nam  22     3u     </leader>
        <controlfield tag="001">15939</controlfield>
        <controlfield tag="005">20180514</controlfield>
        <controlfield tag="007">cuuuu---auuuu</controlfield>
        <controlfield tag="008">180514s||||    xx      o     0   u ||| |</controlfield>
    <datafield tag="020" ind1=" " ind2=" ">
      <subfield code="a">9788867052103</subfield>
    </datafield>
        <datafield tag="100" ind1="1" ind2=" ">
          <subfield code="a">Ornella Robutti (a cura di)</subfield>
          <subfield code="4">aut</subfield>
        </datafield>
        <datafield tag="245" ind1="1" ind2=" ">
          <subfield code="a">Gare e giochi Matematici: Studenti all’opera</subfield>
        </datafield>
        <datafield tag="260" ind1=" " ind2=" ">
          <subfield code="b">Ledizioni</subfield>
          <subfield code="c">2014</subfield>
        </datafield>
        <datafield tag="300" ind1=" " ind2=" ">
          <subfield code="a">1 electronic resource (96 p.)</subfield>
        </datafield>
        <datafield tag="520" ind1=" " ind2=" ">
          <subfield code="a">Il PLS (Piano Lauree Scientifiche) Matematica è nato per rendere appassionante la matematica a studenti e insegnanti, tramite la realizzazione di attività coinvolgenti e divertenti. Tre giochi, in particolare, sono stati pensati e organizzati sotto forma di gara (non competitiva) da un team di giovani matematici e proposti agli studenti del Piemonte.Riuscire a coinvolgere e stimolare tutti gli studenti, spesso poco abituati a lavorare in gruppo, è stato uno degli obiettivi degli organizzatori delle gare. Non c’è bisogno di essere geni della matematica per potervi prendere parte, ma occorre solo la voglia di impegnarsi con spirito collaborativo.Le azioni del PLS proposte in questo volume sono indirizzate agli studenti come attività di laboratorio insolite e creative e seguite da conferenze su temi accattivanti, che mettono in luce le varie sfaccettature della matematica nella realtà che ci circonda.In questo volume sono documentate le gare e i giochi, le conferenze orientative e il convegno nazionale PLS riferiti all’A.S. 2012/2013, pensando che i materiali raccolti possano essere riutilizzati dai docenti al fine di ripetere l’esperienza con i propri studenti.</subfield>
        </datafield>
        <datafield tag="546" ind1=" " ind2=" ">
          <subfield code="a">Italian</subfield>
        </datafield>
        <datafield tag="650" ind1=" " ind2="0">
          <subfield code="a">Theory and practice of education</subfield>
        </datafield>
        <datafield tag="650" ind1=" " ind2="0">
          <subfield code="a">Mathematics</subfield>
        </datafield>
        <datafield tag="653" ind1=" " ind2=" ">
          <subfield code="a">Matematica, giochi matematici, insegnamento</subfield>
        </datafield>
        <datafield tag="856" ind1="4" ind2="0">
          <subfield code="u">https://www.doabooks.org/doab?func=fulltext&amp;rid=15939</subfield>
          <subfield code="z">Description of rights in Directory of Open Access Books (DOAB): Attribution Non-commercial No Derivatives (CC by-nc-nd)</subfield>
        </datafield>
        <datafield tag="856" ind1="4" ind2="0">
          <subfield code="u">http://www.ledizioni.it/stag/wp-content/uploads/2014/03/Gare-e-giochi-matematici.pdf</subfield>
        </datafield>
    </record>
</metadata>
</record>