
<record>
<header>
<identifier>oai:doab-books:16325</identifier>
<datestamp>2020-05-04T10:11:35Z</datestamp>
<setSpec>Languages_and_Literatures</setSpec>
<setSpec>Mathematics_and_Statistics</setSpec>
<setSpec>publisher_1243</setSpec>
</header>
<metadata>
    <record xmlns="http://www.loc.gov/MARC21/slim" xmlns:xsi="http://www.w3.org/2001/XMLSchema-instance" xsi:schemaLocation="http://www.loc.gov/standards/marcxml/schema/MARC21slim.xsd">
        <leader>     nam  22     3u     </leader>
        <controlfield tag="001">16325</controlfield>
        <controlfield tag="005">20200504</controlfield>
        <controlfield tag="007">cuuuu---auuuu</controlfield>
        <controlfield tag="008">200504s||||    xx      o     0   u ||| |</controlfield>
    <datafield tag="020" ind1=" " ind2=" ">
      <subfield code="a">9783944675480</subfield>
    </datafield>
    <datafield tag="024" ind1="7" ind2=" ">
      <subfield code="a">10.26530/OAPEN_533875</subfield>
      <subfield code="2">doi</subfield>
    </datafield>
        <datafield tag="100" ind1="1" ind2=" ">
          <subfield code="a">Klamer, Marian</subfield>
          <subfield code="4">aut</subfield>
        </datafield>
        <datafield tag="245" ind1="1" ind2=" ">
          <subfield code="a">The Alor-Pantar languages: History and typology</subfield>
        </datafield>
        <datafield tag="260" ind1=" " ind2=" ">
          <subfield code="b">Language Science Press</subfield>
          <subfield code="c">2014</subfield>
        </datafield>
        <datafield tag="300" ind1=" " ind2=" ">
          <subfield code="a">1 electronic resource (477 p.)</subfield>
        </datafield>
        <datafield tag="520" ind1=" " ind2=" ">
          <subfield code="a">The Alor-Pantar family constitutes the westernmost outlier group of Papuan (Non-Austronesian) languages. Its twenty or so languages are spoken on  the islands of Alor and Pantar, located just north of Timor, in eastern In-  donesia. Together with the Papuan languages of Timor, they make up the  Timor-Alor-Pantar family. The languages average 5,000 speakers and are  under pressure from the local Malay variety as well as the national lan-  guage, Indonesian.  This volume studies the internal and external linguistic history of this  interesting group, and showcases some of its unique typological features,  such as the preference to index the transitive patient-like argument on  the verb but not the agent-like one; the extreme variety in morphologi-  cal alignment patterns; the use of plural number words; the existence of  quinary numeral systems; the elaborate spatial deictic systems involving  an elevation component; and the great variation exhibited in their kinship  systems.  Unlike many other Papuan languages, Alor-Pantar languages do not ex-  hibit clause-chaining, do not have switch reference systems, never suffix  subject indexes to verbs, do not mark gender, but do encode clusivity in  their pronominal systems. Indeed, apart from a broadly similar head-final  syntactic profile, there is little else that the Alor-Pantar languages share  with Papuan languages spoken in other regions. While all of them show  some traces of contact with Austronesian languages, in general, borrow-  ing from Austronesian has not been intense, and contact with Malay and  Indonesian is a relatively recent phenomenon in most of the Alor-Pantar  region.</subfield>
        </datafield>
        <datafield tag="546" ind1=" " ind2=" ">
          <subfield code="a">English</subfield>
        </datafield>
        <datafield tag="650" ind1=" " ind2="0">
          <subfield code="a">Philology. Linguistics</subfield>
        </datafield>
        <datafield tag="650" ind1=" " ind2="0">
          <subfield code="a">Mathematics</subfield>
        </datafield>
        <datafield tag="653" ind1=" " ind2=" ">
          <subfield code="a">elevationals</subfield>
        </datafield>
        <datafield tag="653" ind1=" " ind2=" ">
          <subfield code="a">alor-pantar languages</subfield>
        </datafield>
        <datafield tag="653" ind1=" " ind2=" ">
          <subfield code="a">comparative linguistics</subfield>
        </datafield>
        <datafield tag="653" ind1=" " ind2=" ">
          <subfield code="a">papuan languages</subfield>
        </datafield>
        <datafield tag="653" ind1=" " ind2=" ">
          <subfield code="a">typology</subfield>
        </datafield>
        <datafield tag="653" ind1=" " ind2=" ">
          <subfield code="a">linguistics</subfield>
        </datafield>
        <datafield tag="653" ind1=" " ind2=" ">
          <subfield code="a">numeral systems</subfield>
        </datafield>
        <datafield tag="856" ind1="4" ind2="0">
          <subfield code="u">https://www.doabooks.org/doab?func=fulltext&amp;rid=16325</subfield>
          <subfield code="z">Description of rights in Directory of Open Access Books (DOAB): Attribution (CC by)</subfield>
        </datafield>
        <datafield tag="856" ind1="4" ind2="0">
          <subfield code="u">http://library.oapen.org/bitstream/20.500.12657/33218/1/533875.pdf</subfield>
        </datafield>
    </record>
</metadata>
</record>