
<record>
<header>
<identifier>oai:doab-books:16445</identifier>
<datestamp>2018-05-14T13:33:51Z</datestamp>
<setSpec>Mathematics_and_Statistics</setSpec>
<setSpec>publisher_1201</setSpec>
</header>
<metadata>
    <record xmlns="http://www.loc.gov/MARC21/slim" xmlns:xsi="http://www.w3.org/2001/XMLSchema-instance" xsi:schemaLocation="http://www.loc.gov/standards/marcxml/schema/MARC21slim.xsd">
        <leader>     nam  22     3u     </leader>
        <controlfield tag="001">16445</controlfield>
        <controlfield tag="005">20180514</controlfield>
        <controlfield tag="007">cuuuu---auuuu</controlfield>
        <controlfield tag="008">180514s||||    xx      o     0   u ||| |</controlfield>
    <datafield tag="020" ind1=" " ind2=" ">
      <subfield code="a">9788867052554</subfield>
    </datafield>
        <datafield tag="100" ind1="1" ind2=" ">
          <subfield code="a">Pierangela Accomazzo, Silvia Beltramino, Ada Sargenti</subfield>
          <subfield code="4">aut</subfield>
        </datafield>
        <datafield tag="245" ind1="1" ind2=" ">
          <subfield code="a">Esplorazioni Matematiche con Geogebra II</subfield>
        </datafield>
        <datafield tag="260" ind1=" " ind2=" ">
          <subfield code="b">Ledizioni</subfield>
          <subfield code="c">2014</subfield>
        </datafield>
        <datafield tag="300" ind1=" " ind2=" ">
          <subfield code="a">1 electronic resource ( p.)</subfield>
        </datafield>
        <datafield tag="520" ind1=" " ind2=" ">
          <subfield code="a">Questo volume si aggiunge al precedente, distribuito al Convegno DI.FI.MA. 2013, e ne è la naturale prosecuzione: infatti mentre quello era prevalentemente rivolto alla secondaria di primo grado e al primo biennio della secondaria di secondo grado, questo affronta temi solo per la scuola secondaria di secondo grado. Come il precedente volume raccoglie proposte ed esperienze didattiche che derivano da attività di formazione insegnanti del GeoGebra Institute di Torino: il Progetto Lauree Scientifiche del Dipartimento di Matematica dell’Università di Torino e il progetto Comunità di Pratica con GeoGebra de La Casa degli Insegnanti-CESEDI. Sono infatti raccolte sia esercitazioni dei formatori, sia sperimentazioni dei corsisti,tutte centrate su un approccio laboratoriale della matematica.</subfield>
        </datafield>
        <datafield tag="546" ind1=" " ind2=" ">
          <subfield code="a">Italian</subfield>
        </datafield>
        <datafield tag="650" ind1=" " ind2="0">
          <subfield code="a">Mathematics</subfield>
        </datafield>
        <datafield tag="653" ind1=" " ind2=" ">
          <subfield code="a">matematica, didattica, geogebra, manuali</subfield>
        </datafield>
        <datafield tag="856" ind1="4" ind2="0">
          <subfield code="u">https://www.doabooks.org/doab?func=fulltext&amp;rid=16445</subfield>
          <subfield code="z">Description of rights in Directory of Open Access Books (DOAB): Attribution Non-commercial Share Alike (CC by-nc-sa)</subfield>
        </datafield>
        <datafield tag="856" ind1="4" ind2="0">
          <subfield code="u">http://www.ledizioni.it/stag/wp-content/uploads/2015/08/geogebra_intero_2WEB.pdf</subfield>
        </datafield>
    </record>
</metadata>
</record>