
<record>
<header>
<identifier>oai:doab-books:16484</identifier>
<datestamp>2019-02-06T18:35:51Z</datestamp>
<setSpec>Philosophy_and_Religion</setSpec>
<setSpec>Mathematics_and_Statistics</setSpec>
<setSpec>publisher_1145</setSpec>
</header>
<metadata>
    <record xmlns="http://www.loc.gov/MARC21/slim" xmlns:xsi="http://www.w3.org/2001/XMLSchema-instance" xsi:schemaLocation="http://www.loc.gov/standards/marcxml/schema/MARC21slim.xsd">
        <leader>     nam  22     3u     </leader>
        <controlfield tag="001">16484</controlfield>
        <controlfield tag="005">20190206</controlfield>
        <controlfield tag="007">cuuuu---auuuu</controlfield>
        <controlfield tag="008">190206s||||    xx      o     0   u ||| |</controlfield>
    <datafield tag="020" ind1=" " ind2=" ">
      <subfield code="a">9783110372717</subfield>
    </datafield>
    <datafield tag="024" ind1="7" ind2=" ">
      <subfield code="a">10.2478/9783110372717</subfield>
      <subfield code="2">doi</subfield>
    </datafield>
        <datafield tag="100" ind1="1" ind2=" ">
          <subfield code="a">Wronski, Leszek</subfield>
          <subfield code="4">aut</subfield>
        </datafield>
        <datafield tag="245" ind1="1" ind2=" ">
          <subfield code="a">Reichenbach’s Paradise. Constructing the Realm of Probabilstic Common “Causes”</subfield>
        </datafield>
        <datafield tag="260" ind1=" " ind2=" ">
          <subfield code="b">De Gruyter</subfield>
          <subfield code="c">2014</subfield>
        </datafield>
        <datafield tag="300" ind1=" " ind2=" ">
          <subfield code="a">1 electronic resource (113 p.)</subfield>
        </datafield>
        <datafield tag="520" ind1=" " ind2=" ">
          <subfield code="a">Since its introduction by Hans Reichenbach, many philosophers have claimed to refute the idea – known as the common cause principle – that any surprising correlation between any two factors that do not directly influence one another is due to some common cause. For example, falsity of the principle is frequently inferred from falsifiability of Bell’s inequalities. The author demonstrates, however, that the situation is not so straightforward. There is more than one version of the principle formulated with the use of different variants of Reichenbach-inspired notions; their falsity still remains an open question. The book traces different formulations of the principle and provides proofs of a few pertinent theorems, settling the relevant questions in various probability spaces. In exploring mathematical and philosophical issues surrounding the principle, the book offers both philosophical insight and mathematical rigor.</subfield>
        </datafield>
        <datafield tag="546" ind1=" " ind2=" ">
          <subfield code="a">English</subfield>
        </datafield>
        <datafield tag="650" ind1=" " ind2="0">
          <subfield code="a">Philosophy (General)</subfield>
        </datafield>
        <datafield tag="650" ind1=" " ind2="0">
          <subfield code="a">Probabilities. Mathematical statistics</subfield>
        </datafield>
        <datafield tag="653" ind1=" " ind2=" ">
          <subfield code="a">Common Cause Principle, Reichenbach, Probability, Causality</subfield>
        </datafield>
        <datafield tag="856" ind1="4" ind2="0">
          <subfield code="u">https://www.doabooks.org/doab?func=fulltext&amp;rid=16484</subfield>
          <subfield code="z">Description of rights in Directory of Open Access Books (DOAB): Attribution Non-commercial No Derivatives (CC by-nc-nd)</subfield>
        </datafield>
        <datafield tag="856" ind1="4" ind2="0">
          <subfield code="u">https://doi.org/10.2478/9783110372717</subfield>
        </datafield>
    </record>
</metadata>
</record>