
<record>
<header>
<identifier>oai:doab-books:16536</identifier>
<datestamp>2020-05-04T09:46:43Z</datestamp>
<setSpec>Agriculture_and_Food_Sciences</setSpec>
<setSpec>Mathematics_and_Statistics</setSpec>
<setSpec>History_and_Archaeology</setSpec>
<setSpec>publisher_1092</setSpec>
</header>
<metadata>
    <record xmlns="http://www.loc.gov/MARC21/slim" xmlns:xsi="http://www.w3.org/2001/XMLSchema-instance" xsi:schemaLocation="http://www.loc.gov/standards/marcxml/schema/MARC21slim.xsd">
        <leader>     nam  22     3u     </leader>
        <controlfield tag="001">16536</controlfield>
        <controlfield tag="005">20200504</controlfield>
        <controlfield tag="007">cuuuu---auuuu</controlfield>
        <controlfield tag="008">200504s||||    xx      o     0   u ||| |</controlfield>
    <datafield tag="020" ind1=" " ind2=" ">
      <subfield code="a">9783863951603</subfield>
    </datafield>
    <datafield tag="024" ind1="7" ind2=" ">
      <subfield code="a">10.17875/gup2014-769</subfield>
      <subfield code="2">doi</subfield>
    </datafield>
        <datafield tag="100" ind1="1" ind2=" ">
          <subfield code="a">Vogel-Prandtl, Johanna,</subfield>
          <subfield code="4">aut</subfield>
        </datafield>
        <datafield tag="245" ind1="1" ind2=" ">
          <subfield code="a">Ludwig Prandtl - A personal biography drawn from memories and correspondence</subfield>
        </datafield>
        <datafield tag="260" ind1=" " ind2=" ">
          <subfield code="b">Universitätsverlag Göttingen</subfield>
          <subfield code="c">2014</subfield>
        </datafield>
        <datafield tag="300" ind1=" " ind2=" ">
          <subfield code="a">1 electronic resource (247 p.)</subfield>
        </datafield>
        <datafield tag="520" ind1=" " ind2=" ">
          <subfield code="a">When Ludwig Prandtl took up the Chair of Applied Mechanics at Göttingen University in 1904, the small university town became the cradle of modern fluid mechanics and aerodynamics. Not only did Prandtl found two research institutions of worldwide renown, the Aerodynamische Versuchsanstalt (AVA) and the Kaiser-Wilhelm-Institut für Strömungsforschung, but with the so-called ‘Göttingen School’ he also established an exceptionally fertile line of scientific thinking, unique for its special balance of intuition for physics and mathematical precision. The scientific methods developed by Prandtl and his pupils are manifested in numerous dissertations, monographs and textbooks that now rate as classics and hence belong to the fundamental works on fluid mechanics. Yet many of these publications have long been out of print and inaccessible for study. The series Göttinger Klassiker der Strömungsmechanik is thus making available selected publications that emerged from Ludwig Prandtl’s ‘Göttingen School’ or stand in a particular historical relationship to it. This highly personal biography of Ludwig Prandtl compiled by his daughter, Johanna Vogel-Prandtl, is complemented by numerous photographs depicting Prandtl’s working and private life. It completes the picture of the founding father of modern fluid mechanics whose scientific importance continues to resonate to this day.</subfield>
        </datafield>
        <datafield tag="546" ind1=" " ind2=" ">
          <subfield code="a">English</subfield>
        </datafield>
        <datafield tag="650" ind1=" " ind2="0">
          <subfield code="a">Agriculture (General)</subfield>
        </datafield>
        <datafield tag="650" ind1=" " ind2="0">
          <subfield code="a">Mathematics</subfield>
        </datafield>
        <datafield tag="650" ind1=" " ind2="0">
          <subfield code="a">History (General)</subfield>
        </datafield>
        <datafield tag="653" ind1=" " ind2=" ">
          <subfield code="a">mechanics</subfield>
        </datafield>
        <datafield tag="653" ind1=" " ind2=" ">
          <subfield code="a">aerodynamics</subfield>
        </datafield>
        <datafield tag="653" ind1=" " ind2=" ">
          <subfield code="a">personal biography</subfield>
        </datafield>
        <datafield tag="856" ind1="4" ind2="0">
          <subfield code="u">https://www.doabooks.org/doab?func=fulltext&amp;rid=16536</subfield>
          <subfield code="z">Description of rights in Directory of Open Access Books (DOAB): Attribution Non-commercial No Derivatives (CC by-nc-nd)</subfield>
        </datafield>
        <datafield tag="856" ind1="4" ind2="0">
          <subfield code="u">http://library.oapen.org/bitstream/20.500.12657/31848/1/624636.pdf</subfield>
        </datafield>
    </record>
</metadata>
</record>