
<record>
<header>
<identifier>oai:doab-books:16869</identifier>
<datestamp>2020-08-14T15:21:35Z</datestamp>
<setSpec>Mathematics_and_Statistics</setSpec>
<setSpec>publisher_1145</setSpec>
</header>
<metadata>
    <record xmlns="http://www.loc.gov/MARC21/slim" xmlns:xsi="http://www.w3.org/2001/XMLSchema-instance" xsi:schemaLocation="http://www.loc.gov/standards/marcxml/schema/MARC21slim.xsd">
        <leader>     nam  22     3u     </leader>
        <controlfield tag="001">16869</controlfield>
        <controlfield tag="005">20200814</controlfield>
        <controlfield tag="007">cuuuu---auuuu</controlfield>
        <controlfield tag="008">200814s||||    xx      o     0   u ||| |</controlfield>
    <datafield tag="020" ind1=" " ind2=" ">
      <subfield code="a">9783110426038</subfield>
    </datafield>
    <datafield tag="020" ind1=" " ind2=" ">
      <subfield code="a">9783110427356</subfield>
    </datafield>
    <datafield tag="024" ind1="7" ind2=" ">
      <subfield code="a">10.2478/9783110426045</subfield>
      <subfield code="2">doi</subfield>
    </datafield>
        <datafield tag="100" ind1="1" ind2=" ">
          <subfield code="a">Strugariu, Radu</subfield>
          <subfield code="4">aut</subfield>
        </datafield>
        <datafield tag="245" ind1="1" ind2=" ">
          <subfield code="a">An Introduction to Nonlinear Optimization Theory</subfield>
        </datafield>
        <datafield tag="260" ind1=" " ind2=" ">
          <subfield code="b">De Gruyter</subfield>
          <subfield code="c">2014</subfield>
        </datafield>
        <datafield tag="300" ind1=" " ind2=" ">
          <subfield code="a">1 electronic resource (318 p.)</subfield>
        </datafield>
        <datafield tag="520" ind1=" " ind2=" ">
          <subfield code="a">The goal of this book is to present the main ideas and techniques in the field of continuous smooth and nonsmooth optimization. Starting with the case of differentiable data and the classical results on constrained optimization problems, and continuing with the topic of nonsmooth objects involved in optimization theory, the book concentrates on both theoretical and practical aspects of this field. This book prepares those who are engaged in research by giving repeated insights into ideas that are subsequently dealt with and illustrated in detail.</subfield>
        </datafield>
        <datafield tag="546" ind1=" " ind2=" ">
          <subfield code="a">English</subfield>
        </datafield>
        <datafield tag="650" ind1=" " ind2="0">
          <subfield code="a">Mathematics</subfield>
        </datafield>
        <datafield tag="653" ind1=" " ind2=" ">
          <subfield code="a">Optimizaton, Nonsmooth optimization</subfield>
        </datafield>
        <datafield tag="700" ind1="1" ind2=" ">
          <subfield code="a">Durea, Marius</subfield>
          <subfield code="4">aut</subfield>
        </datafield>
        <datafield tag="856" ind1="4" ind2="0">
          <subfield code="u">https://www.doabooks.org/doab?func=fulltext&amp;rid=16869</subfield>
          <subfield code="z">Description of rights in Directory of Open Access Books (DOAB): Attribution Non-commercial No Derivatives (CC by-nc-nd)</subfield>
        </datafield>
        <datafield tag="856" ind1="4" ind2="0">
          <subfield code="u">https://www.degruyter.com/view/product/456091</subfield>
        </datafield>
    </record>
</metadata>
</record>