
<record>
<header>
<identifier>oai:doab-books:16881</identifier>
<datestamp>2019-02-06T17:50:03Z</datestamp>
<setSpec>Mathematics_and_Statistics</setSpec>
<setSpec>publisher_1145</setSpec>
</header>
<metadata>
    <record xmlns="http://www.loc.gov/MARC21/slim" xmlns:xsi="http://www.w3.org/2001/XMLSchema-instance" xsi:schemaLocation="http://www.loc.gov/standards/marcxml/schema/MARC21slim.xsd">
        <leader>     nam  22     3u     </leader>
        <controlfield tag="001">16881</controlfield>
        <controlfield tag="005">20190206</controlfield>
        <controlfield tag="007">cuuuu---auuuu</controlfield>
        <controlfield tag="008">190206s||||    xx      o     0   u ||| |</controlfield>
    <datafield tag="020" ind1=" " ind2=" ">
      <subfield code="a">9783110409475</subfield>
    </datafield>
    <datafield tag="020" ind1=" " ind2=" ">
      <subfield code="a">9783110426243</subfield>
    </datafield>
    <datafield tag="024" ind1="7" ind2=" ">
      <subfield code="a">10.2478/9783110409475</subfield>
      <subfield code="2">doi</subfield>
    </datafield>
        <datafield tag="100" ind1="1" ind2=" ">
          <subfield code="a">Copley, Leslie</subfield>
          <subfield code="4">aut</subfield>
        </datafield>
        <datafield tag="245" ind1="1" ind2=" ">
          <subfield code="a">Mathematics for the Physical Sciences</subfield>
        </datafield>
        <datafield tag="260" ind1=" " ind2=" ">
          <subfield code="b">De Gruyter</subfield>
          <subfield code="c">2014</subfield>
        </datafield>
        <datafield tag="300" ind1=" " ind2=" ">
          <subfield code="a">1 electronic resource (446 p.)</subfield>
        </datafield>
        <datafield tag="520" ind1=" " ind2=" ">
          <subfield code="a">The book begins with a thorough introduction to complex analysis, which is then used to understand the properties of ordinary differential equations and their solutions. The latter are obtained in both series and integral representations. Integral transforms are introduced, providing an opportunity to complement complex analysis with techniques that flow from an algebraic approach. This moves naturally into a discussion of eigenvalue and boundary vale problems. A thorough discussion of multi-dimensional boundary value problems then introduces the reader to the fundamental partial differential equations and “special functions” of mathematical physics. Moving to non-homogeneous boundary value problems the reader is presented with an analysis of Green’s functions from both analytical and algebraic points of view. This leads to a concluding chapter on integral equations.</subfield>
        </datafield>
        <datafield tag="546" ind1=" " ind2=" ">
          <subfield code="a">English</subfield>
        </datafield>
        <datafield tag="650" ind1=" " ind2="0">
          <subfield code="a">Mathematics</subfield>
        </datafield>
        <datafield tag="653" ind1=" " ind2=" ">
          <subfield code="a">mathematical physics, boundary value problems</subfield>
        </datafield>
        <datafield tag="856" ind1="4" ind2="0">
          <subfield code="u">https://www.doabooks.org/doab?func=fulltext&amp;rid=16881</subfield>
          <subfield code="z">Description of rights in Directory of Open Access Books (DOAB): Attribution Non-commercial No Derivatives (CC by-nc-nd)</subfield>
        </datafield>
        <datafield tag="856" ind1="4" ind2="0">
          <subfield code="u">https://doi.org/10.2478/9783110409475</subfield>
        </datafield>
    </record>
</metadata>
</record>
<record>
<header status="deleted">
<identifier>oai:doab-books:16883</identifier>
<datestamp>2018-05-14T13:33:51Z</datestamp>
<setSpec>Mathematics_and_Statistics</setSpec>
<setSpec>publisher_1145</setSpec>
</header>
</record>