
<record>
<header>
<identifier>oai:doab-books:17952</identifier>
<datestamp>2019-02-07T12:56:02Z</datestamp>
<setSpec>Mathematics_and_Statistics</setSpec>
<setSpec>Earth_and_Environmental_Sciences</setSpec>
<setSpec>publisher_1145</setSpec>
</header>
<metadata>
    <record xmlns="http://www.loc.gov/MARC21/slim" xmlns:xsi="http://www.w3.org/2001/XMLSchema-instance" xsi:schemaLocation="http://www.loc.gov/standards/marcxml/schema/MARC21slim.xsd">
        <leader>     nam  22     3u     </leader>
        <controlfield tag="001">17952</controlfield>
        <controlfield tag="005">20190207</controlfield>
        <controlfield tag="007">cuuuu---auuuu</controlfield>
        <controlfield tag="008">190207s||||    xx      o     0   u ||| |</controlfield>
    <datafield tag="020" ind1=" " ind2=" ">
      <subfield code="a">9783110440287</subfield>
    </datafield>
    <datafield tag="020" ind1=" " ind2=" ">
      <subfield code="a">9783110441437</subfield>
    </datafield>
    <datafield tag="024" ind1="7" ind2=" ">
      <subfield code="a">10.2478/9783110440287</subfield>
      <subfield code="2">doi</subfield>
    </datafield>
        <datafield tag="100" ind1="1" ind2=" ">
          <subfield code="a">Ransford, H. Chris </subfield>
          <subfield code="4">aut</subfield>
        </datafield>
        <datafield tag="245" ind1="1" ind2=" ">
          <subfield code="a">The Far Horizons of Time. Time and Mind in the Universe</subfield>
        </datafield>
        <datafield tag="260" ind1=" " ind2=" ">
          <subfield code="b">De Gruyter</subfield>
          <subfield code="c">2015</subfield>
        </datafield>
        <datafield tag="300" ind1=" " ind2=" ">
          <subfield code="a">1 electronic resource (128 p.)</subfield>
        </datafield>
        <datafield tag="520" ind1=" " ind2=" ">
          <subfield code="a">What is Time? Assuming no prior specialized knowledge by the reader, the book raises specific, hitherto overlooked questions about how time works, such as how and why anyone can be made to be, at the very same instant, simultaneous with events that are actually days apart. It examines abiding issues in the physics of time or at its periphery which still elude a full explanation ? such as delayed choice experiments, the brain&apos;s perception of time during saccadic masking, and more ? and suggests that these phenomena can only exist because they ultimately obey applicable mathematics, thereby agreeing with a modern view that the universe and everything within it, including the mind, are ultimately mathematical structures. It delves into how a number of conundrums, such as the weak Anthropic Principle, could be resolved, and how such resolutions could be tested experimentally. All its various threads converge towards a same new vision of the ultimate essence of time, seen as a side effect from a deeper reality.</subfield>
        </datafield>
        <datafield tag="546" ind1=" " ind2=" ">
          <subfield code="a">English</subfield>
        </datafield>
        <datafield tag="650" ind1=" " ind2="0">
          <subfield code="a">Mathematics</subfield>
        </datafield>
        <datafield tag="650" ind1=" " ind2="0">
          <subfield code="a">Geophysics. Cosmic physics</subfield>
        </datafield>
        <datafield tag="653" ind1=" " ind2=" ">
          <subfield code="a">Popular science, time, mystery of time, mathematical universe, space-time, quantum, delayed choice, Bell&apos;s inequality, wave function, the brain&apos;s perception of time, saccades, anthropic principle</subfield>
        </datafield>
        <datafield tag="856" ind1="4" ind2="0">
          <subfield code="u">https://www.doabooks.org/doab?func=fulltext&amp;rid=17952</subfield>
          <subfield code="z">Description of rights in Directory of Open Access Books (DOAB): Attribution Non-commercial No Derivatives (CC by-nc-nd)</subfield>
        </datafield>
        <datafield tag="856" ind1="4" ind2="0">
          <subfield code="u">https://doi.org/10.2478/9783110440287</subfield>
        </datafield>
    </record>
</metadata>
</record>