
<record>
<header>
<identifier>oai:doab-books:18989</identifier>
<datestamp>2018-05-14T13:33:51Z</datestamp>
<setSpec>Mathematics_and_Statistics</setSpec>
<setSpec>publisher_1201</setSpec>
</header>
<metadata>
    <record xmlns="http://www.loc.gov/MARC21/slim" xmlns:xsi="http://www.w3.org/2001/XMLSchema-instance" xsi:schemaLocation="http://www.loc.gov/standards/marcxml/schema/MARC21slim.xsd">
        <leader>     nam  22     3u     </leader>
        <controlfield tag="001">18989</controlfield>
        <controlfield tag="005">20180514</controlfield>
        <controlfield tag="007">cuuuu---auuuu</controlfield>
        <controlfield tag="008">180514s||||    xx      o     0   u ||| |</controlfield>
    <datafield tag="020" ind1=" " ind2=" ">
      <subfield code="a">9788867054114</subfield>
    </datafield>
        <datafield tag="100" ind1="1" ind2=" ">
          <subfield code="a">Ornella Robutti</subfield>
          <subfield code="4">aut</subfield>
        </datafield>
        <datafield tag="245" ind1="1" ind2=" ">
          <subfield code="a">Esplorazione dei Solidi e Oltre: Fare Geometria con gli Zometool</subfield>
        </datafield>
        <datafield tag="260" ind1=" " ind2=" ">
          <subfield code="b">Ledizioni</subfield>
          <subfield code="c">2016</subfield>
        </datafield>
        <datafield tag="300" ind1=" " ind2=" ">
          <subfield code="a">1 electronic resource ( p.)</subfield>
        </datafield>
        <datafield tag="520" ind1=" " ind2=" ">
          <subfield code="a">Nonostante sia presente nelle Indicazioni Nazionali, l’insegnamento della geometria solida è spesso messo in secondo piano nella comune pratica didattica per le sue difficoltà concettuali e gli ampi prerequisiti teorici. Questo volume vuole offrire una proposta di didattica costruttiva della geometria solida fondata sull’uso degli ZOMETOOL, un innovativo strumento didattico adatto a costruire figure sia bidimensionali che tridimensionali.La metodologia adottata è quella del laboratorio di matematica, guidato da schede, in modo da stimolare la discussione tra gli studenti nei singoli gruppi, puntando sia sulla leva motivazionale data dalla scoperta, sia sulla costruzione autonoma dei significati matematici. Nel volume sono presentate le attività proposte negli anni scolastici 2013/14 e 2014/15 in diverse scuole secondarie di secondo grado della provincia di Torino e sono analizzati i risultati degli studenti e le criticità emerse in corso d’opera. Tale lavoro si configura dunque come strumento per guidare l’insegnante nella realizzazione in classe delle attività e per fornire suggerimenti utili alla progettazione di nuovipercorsi di apprendimento.</subfield>
        </datafield>
        <datafield tag="546" ind1=" " ind2=" ">
          <subfield code="a">Italian</subfield>
        </datafield>
        <datafield tag="650" ind1=" " ind2="0">
          <subfield code="a">Mathematics</subfield>
        </datafield>
        <datafield tag="653" ind1=" " ind2=" ">
          <subfield code="a">matematica, geometria, zoometrol</subfield>
        </datafield>
        <datafield tag="856" ind1="4" ind2="0">
          <subfield code="u">https://www.doabooks.org/doab?func=fulltext&amp;rid=18989</subfield>
          <subfield code="z">Description of rights in Directory of Open Access Books (DOAB): Attribution Non-commercial Share Alike (CC by-nc-sa)</subfield>
        </datafield>
        <datafield tag="856" ind1="4" ind2="0">
          <subfield code="u">http://www.ledizioni.it/stag/wp-content/uploads/2017/05/Esplorazione_solidi_definitivo.pdf</subfield>
        </datafield>
    </record>
</metadata>
</record>