
<record>
<header>
<identifier>oai:doab-books:19205</identifier>
<datestamp>2020-05-04T10:09:58Z</datestamp>
<setSpec>Mathematics_and_Statistics</setSpec>
<setSpec>publisher_1092</setSpec>
</header>
<metadata>
    <record xmlns="http://www.loc.gov/MARC21/slim" xmlns:xsi="http://www.w3.org/2001/XMLSchema-instance" xsi:schemaLocation="http://www.loc.gov/standards/marcxml/schema/MARC21slim.xsd">
        <leader>     nam  22     3u     </leader>
        <controlfield tag="001">19205</controlfield>
        <controlfield tag="005">20200504</controlfield>
        <controlfield tag="007">cuuuu---auuuu</controlfield>
        <controlfield tag="008">200504s||||    xx      o     0   u ||| |</controlfield>
    <datafield tag="020" ind1=" " ind2=" ">
      <subfield code="a">9783863952532</subfield>
    </datafield>
    <datafield tag="024" ind1="7" ind2=" ">
      <subfield code="a">10.17875/gup2016-909</subfield>
      <subfield code="2">doi</subfield>
    </datafield>
        <datafield tag="100" ind1="1" ind2=" ">
          <subfield code="a">Roquette, Peter,</subfield>
          <subfield code="4">aut</subfield>
        </datafield>
        <datafield tag="245" ind1="1" ind2=" ">
          <subfield code="a">Der Briefwechsel Hasse - Scholz - Taussky</subfield>
        </datafield>
        <datafield tag="260" ind1=" " ind2=" ">
          <subfield code="b">Universitätsverlag Göttingen</subfield>
          <subfield code="c">2016</subfield>
        </datafield>
        <datafield tag="300" ind1=" " ind2=" ">
          <subfield code="a">1 electronic resource ( p.)</subfield>
        </datafield>
        <datafield tag="520" ind1=" " ind2=" ">
          <subfield code="a">Arnold Scholz (1906-1941) war einer der vielversprechendsten jungen Zahlentheoretiker in den 1930er Jahren, einer der besten Kenner der Klassenkörpertheorie. Als Doktorand von Issai Schur war er auch mit gruppentheoretischen Methoden vertraut. Da er während des Dritten Reichs als politisch nicht zuverlässig galt (er war ein enger Freund des ebenfalls „suspekten“ Ernst Zermelo), konnte er keine sichere Stelle finden. Trotzdem gelang es ihm, eine Reihe wichtiger Resultate zu erhalten, u.a. bei der Realisierung von Galoisgruppen und in der Theorie der Normenreste. Der zu einem klaren Verständnis dieser Ergebnisse notwendige kohomologische Apparat war damals noch nicht entwickelt, und daher konnten zunächst nur Wenige mit den Scholzschen Ideen etwas anfangen. Eine Reihe seiner Resultate wurden später wiederentdeckt. Schafarewitsch konnte mit Hilfe der Scholzschen Methoden zeigen, dass jede endliche auflösbare Gruppe als Galoisgruppe einer Erweiterung der rationalen Zahlen vorkommt. Das vorliegende Buch, das als erster Schritt zu einem besseren Verständnis des Werks von Arnold Scholz anzusehen ist, enthält die Korrespondenz zwischen Arnold Scholz und Helmut Hasse einerseits und Olga Taussky andererseits, soweit sie in den Archiven der Universität Göttingen und des California Institute of Technology in Pasadena erhalten sind. Auch die Korrespondenz zwischen Hasse und Taussky bis zum frühen Tod von Arnold Scholz wurde aufgenommen.</subfield>
        </datafield>
        <datafield tag="546" ind1=" " ind2=" ">
          <subfield code="a">German</subfield>
        </datafield>
        <datafield tag="650" ind1=" " ind2="0">
          <subfield code="a">Mathematics</subfield>
        </datafield>
        <datafield tag="653" ind1=" " ind2=" ">
          <subfield code="a">Scholz, Arnold</subfield>
        </datafield>
        <datafield tag="653" ind1=" " ind2=" ">
          <subfield code="a">correspondence</subfield>
        </datafield>
        <datafield tag="653" ind1=" " ind2=" ">
          <subfield code="a">Galois group</subfield>
        </datafield>
        <datafield tag="653" ind1=" " ind2=" ">
          <subfield code="a">mathematics</subfield>
        </datafield>
        <datafield tag="700" ind1="1" ind2=" ">
          <subfield code="a">Taussky, Olga,</subfield>
          <subfield code="4">aut</subfield>
        </datafield>
        <datafield tag="700" ind1="1" ind2=" ">
          <subfield code="a">Lemmermeyer, Franz,</subfield>
          <subfield code="4">aut</subfield>
        </datafield>
        <datafield tag="700" ind1="1" ind2=" ">
          <subfield code="a">Scholz, Arnold,</subfield>
          <subfield code="4">aut</subfield>
        </datafield>
        <datafield tag="700" ind1="1" ind2=" ">
          <subfield code="a">Hasse, Helmut,</subfield>
          <subfield code="4">aut</subfield>
        </datafield>
        <datafield tag="856" ind1="4" ind2="0">
          <subfield code="u">https://www.doabooks.org/doab?func=fulltext&amp;rid=19205</subfield>
          <subfield code="z">Description of rights in Directory of Open Access Books (DOAB): Attribution Share Alike (CC by-sa)</subfield>
        </datafield>
        <datafield tag="856" ind1="4" ind2="0">
          <subfield code="u">http://library.oapen.org/bitstream/20.500.12657/32449/1/610401.pdf</subfield>
        </datafield>
    </record>
</metadata>
</record>