
<record>
<header>
<identifier>oai:doab-books:19207</identifier>
<datestamp>2020-05-04T10:09:55Z</datestamp>
<setSpec>Mathematics_and_Statistics</setSpec>
<setSpec>publisher_1092</setSpec>
</header>
<metadata>
    <record xmlns="http://www.loc.gov/MARC21/slim" xmlns:xsi="http://www.w3.org/2001/XMLSchema-instance" xsi:schemaLocation="http://www.loc.gov/standards/marcxml/schema/MARC21slim.xsd">
        <leader>     nam  22     3u     </leader>
        <controlfield tag="001">19207</controlfield>
        <controlfield tag="005">20200504</controlfield>
        <controlfield tag="007">cuuuu---auuuu</controlfield>
        <controlfield tag="008">200504s||||    xx      o     0   u ||| |</controlfield>
    <datafield tag="020" ind1=" " ind2=" ">
      <subfield code="a">9783863952594</subfield>
    </datafield>
    <datafield tag="024" ind1="7" ind2=" ">
      <subfield code="a">10.17875/gup2016-911</subfield>
      <subfield code="2">doi</subfield>
    </datafield>
        <datafield tag="100" ind1="1" ind2=" ">
          <subfield code="a">Herbst, Klaus-Dieter,</subfield>
          <subfield code="4">aut</subfield>
        </datafield>
        <datafield tag="245" ind1="1" ind2=" ">
          <subfield code="a">Erhard Weigel (1625-1699) und seine Schüler - Beiträge des 7. Erhard-Weigel-Kolloquiums 2014</subfield>
        </datafield>
        <datafield tag="260" ind1=" " ind2=" ">
          <subfield code="b">Universitätsverlag Göttingen</subfield>
          <subfield code="c">2016</subfield>
        </datafield>
        <datafield tag="300" ind1=" " ind2=" ">
          <subfield code="a">1 electronic resource ( p.)</subfield>
        </datafield>
        <datafield tag="520" ind1=" " ind2=" ">
          <subfield code="a">Erhard Weigel (1625-1699) was a German mathematician, astronomer, educator, philosopher, and inventor. He was professor of mathematics at Jena University and is considered a key figure in the development of the mathematical sciences of the 17th Century. In particular, he is known to be the teacher of the young Gottfried Wilhelm Leibniz (1646-1716) and other notable students. These proceedings record papers presented at an international colloquium held at the Göttingen State and University Library in collaboration with the Erhard Weigel Society based in Jena on December 5-6, 2014. The colloquium was concerned with Erhard Weigel and some of his many students as well as discussed his contribution to the history of science as an excellent educator. Moreover, the colloquium dealt with the flow of impact of his methods and ideas into the scientific community, whose members played a significant role in the scientific revolution of the 17th Century. Finally, a list of known students who attended Weigel&apos;s lectures is given.</subfield>
        </datafield>
        <datafield tag="546" ind1=" " ind2=" ">
          <subfield code="a">English</subfield>
        </datafield>
        <datafield tag="650" ind1=" " ind2="0">
          <subfield code="a">Mathematics</subfield>
        </datafield>
        <datafield tag="653" ind1=" " ind2=" ">
          <subfield code="a">Weigel, Erhard</subfield>
        </datafield>
        <datafield tag="653" ind1=" " ind2=" ">
          <subfield code="a">mathematics</subfield>
        </datafield>
        <datafield tag="653" ind1=" " ind2=" ">
          <subfield code="a">knowledge transfer</subfield>
        </datafield>
        <datafield tag="653" ind1=" " ind2=" ">
          <subfield code="a">method transfer</subfield>
        </datafield>
        <datafield tag="700" ind1="1" ind2=" ">
          <subfield code="a">Habermann, Katharina,</subfield>
          <subfield code="4">aut</subfield>
        </datafield>
        <datafield tag="856" ind1="4" ind2="0">
          <subfield code="u">https://www.doabooks.org/doab?func=fulltext&amp;rid=19207</subfield>
          <subfield code="z">Description of rights in Directory of Open Access Books (DOAB): Attribution Share Alike (CC by-sa)</subfield>
        </datafield>
        <datafield tag="856" ind1="4" ind2="0">
          <subfield code="u">http://library.oapen.org/bitstream/20.500.12657/32447/1/610403.pdf</subfield>
        </datafield>
    </record>
</metadata>
</record>