
<record>
<header>
<identifier>oai:doab-books:19242</identifier>
<datestamp>2020-05-04T09:56:11Z</datestamp>
<setSpec>Mathematics_and_Statistics</setSpec>
<setSpec>publisher_1092</setSpec>
</header>
<metadata>
    <record xmlns="http://www.loc.gov/MARC21/slim" xmlns:xsi="http://www.w3.org/2001/XMLSchema-instance" xsi:schemaLocation="http://www.loc.gov/standards/marcxml/schema/MARC21slim.xsd">
        <leader>     nam  22     3u     </leader>
        <controlfield tag="001">19242</controlfield>
        <controlfield tag="005">20200504</controlfield>
        <controlfield tag="007">cuuuu---auuuu</controlfield>
        <controlfield tag="008">200504s||||    xx      o     0   u ||| |</controlfield>
    <datafield tag="020" ind1=" " ind2=" ">
      <subfield code="a">9783938616345</subfield>
    </datafield>
    <datafield tag="024" ind1="7" ind2=" ">
      <subfield code="a">10.17875/gup2005-74</subfield>
      <subfield code="2">doi</subfield>
    </datafield>
        <datafield tag="100" ind1="1" ind2=" ">
          <subfield code="a">Vogel-Prandtl, Johanna,</subfield>
          <subfield code="4">aut</subfield>
        </datafield>
        <datafield tag="245" ind1="1" ind2=" ">
          <subfield code="a">Ludwig Prandtl - ein Lebensbild ; Erinnerungen, Dokumente</subfield>
        </datafield>
        <datafield tag="260" ind1=" " ind2=" ">
          <subfield code="b">Universitätsverlag Göttingen</subfield>
          <subfield code="c">2005</subfield>
        </datafield>
        <datafield tag="300" ind1=" " ind2=" ">
          <subfield code="a">1 electronic resource ( p.)</subfield>
        </datafield>
        <datafield tag="520" ind1=" " ind2=" ">
          <subfield code="a">Mit der Berufung Ludwig Prandtls als Professor für Angewandte Mechanik wurde die kleine Universitätsstadt Göttingen im Jahr 1904 zur Wiege der modernen Strömungsmechanik und Aerodynamik. Prandtl begründete hier nicht nur mit der Aerodynamischen Versuchsanstalt (AVA) und dem Kaiser- Wilhelm-Institut für Strömungsforschung zwei Forschungseinrichtungen von Weltrang, sondern auch mit der so genannten »Göttinger Schule« eine außergewöhnlich fruchtbare wissenschaftliche Denkweise, die sich durch eine eigentümliche Balance von physikalischer Intuition und mathematischer Exaktheit auszeichnet. Die wissenschaftliche Methode Prandtls und seiner Schüler hat ihren Niederschlag in zahlreichen Dissertationen, Monographien und Lehrbüchern gefunden, die mittlerweile als klassisch gelten und damit zum Grundbestand der Strömungslehre gehören. Doch viele dieser Publikationen sind seit langer Zeit nicht mehr verfügbar. Die Reihe »Göttinger Klassiker der Strömungsmechanik« stellt deshalb ausgewählte Publikationen, die der Göttinger Schule um Ludwig Prandtl zuzurechnen sind oder in einem gewissen historischen Bezug dazu stehen, wieder zur Verfügung. Die sehr persönliche Biografie Ludwig Prandtls, zusammengestellt von seiner jüngeren Tochter Johanna Vogel-Prandtl, wird durch zahlreiche Fotos aus Prandtls Arbeits- und Privatleben ergänzt. Sie rundet das Bild des Gründungsvaters der modernen Strömungsmechanik ab, dessen wissenschaftliche Bedeutung bis auf den heutigen Tag nachwirkt.</subfield>
        </datafield>
        <datafield tag="546" ind1=" " ind2=" ">
          <subfield code="a">German</subfield>
        </datafield>
        <datafield tag="650" ind1=" " ind2="0">
          <subfield code="a">Mathematics</subfield>
        </datafield>
        <datafield tag="653" ind1=" " ind2=" ">
          <subfield code="a">Strömungsmechanik und Aerodynamik</subfield>
        </datafield>
        <datafield tag="856" ind1="4" ind2="0">
          <subfield code="u">https://www.doabooks.org/doab?func=fulltext&amp;rid=19242</subfield>
          <subfield code="z">Description of rights in Directory of Open Access Books (DOAB): Attribution No Derivatives (CC by-nd)</subfield>
        </datafield>
        <datafield tag="856" ind1="4" ind2="0">
          <subfield code="u">http://library.oapen.org/bitstream/20.500.12657/32412/1/611227.pdf</subfield>
        </datafield>
    </record>
</metadata>
</record>
<record>
<header status="deleted">
<identifier>oai:doab-books:19628</identifier>
<datestamp>2018-07-05T17:32:58Z</datestamp>
<setSpec>Mathematics_and_Statistics</setSpec>
<setSpec>publisher_1375</setSpec>
</header>
</record>
<record>
<header status="deleted">
<identifier>oai:doab-books:19629</identifier>
<datestamp>2018-07-05T17:32:58Z</datestamp>
<setSpec>Mathematics_and_Statistics</setSpec>
<setSpec>publisher_1375</setSpec>
</header>
</record>
<record>
<header status="deleted">
<identifier>oai:doab-books:19631</identifier>
<datestamp>2018-07-05T17:32:58Z</datestamp>
<setSpec>Mathematics_and_Statistics</setSpec>
<setSpec>publisher_1375</setSpec>
</header>
</record>
<record>
<header status="deleted">
<identifier>oai:doab-books:19642</identifier>
<datestamp>2018-07-05T17:32:58Z</datestamp>
<setSpec>Mathematics_and_Statistics</setSpec>
<setSpec>publisher_1375</setSpec>
</header>
</record>
<record>
<header status="deleted">
<identifier>oai:doab-books:19657</identifier>
<datestamp>2018-07-05T17:32:58Z</datestamp>
<setSpec>Mathematics_and_Statistics</setSpec>
<setSpec>publisher_1375</setSpec>
</header>
</record>
<record>
<header status="deleted">
<identifier>oai:doab-books:19668</identifier>
<datestamp>2018-07-05T17:32:58Z</datestamp>
<setSpec>Mathematics_and_Statistics</setSpec>
<setSpec>publisher_1375</setSpec>
</header>
</record>
<record>
<header status="deleted">
<identifier>oai:doab-books:19669</identifier>
<datestamp>2018-07-05T17:32:58Z</datestamp>
<setSpec>Mathematics_and_Statistics</setSpec>
<setSpec>publisher_1375</setSpec>
</header>
</record>
<record>
<header status="deleted">
<identifier>oai:doab-books:19671</identifier>
<datestamp>2018-07-05T17:32:58Z</datestamp>
<setSpec>Mathematics_and_Statistics</setSpec>
<setSpec>publisher_1375</setSpec>
</header>
</record>