
<record>
<header>
<identifier>oai:doab-books:19688</identifier>
<datestamp>2018-05-14T13:33:51Z</datestamp>
<setSpec>Mathematics_and_Statistics</setSpec>
<setSpec>publisher_1201</setSpec>
</header>
<metadata>
    <record xmlns="http://www.loc.gov/MARC21/slim" xmlns:xsi="http://www.w3.org/2001/XMLSchema-instance" xsi:schemaLocation="http://www.loc.gov/standards/marcxml/schema/MARC21slim.xsd">
        <leader>     nam  22     3u     </leader>
        <controlfield tag="001">19688</controlfield>
        <controlfield tag="005">20180514</controlfield>
        <controlfield tag="007">cuuuu---auuuu</controlfield>
        <controlfield tag="008">180514s||||    xx      o     0   u ||| |</controlfield>
    <datafield tag="020" ind1=" " ind2=" ">
      <subfield code="a">9788867054350</subfield>
    </datafield>
        <datafield tag="100" ind1="1" ind2=" ">
          <subfield code="a">Ornella Robutti</subfield>
          <subfield code="4">aut</subfield>
        </datafield>
        <datafield tag="245" ind1="1" ind2=" ">
          <subfield code="a">La formazione docenti con Geogebra</subfield>
        </datafield>
        <datafield tag="260" ind1=" " ind2=" ">
          <subfield code="b">Ledizioni</subfield>
          <subfield code="c">2016</subfield>
        </datafield>
        <datafield tag="300" ind1=" " ind2=" ">
          <subfield code="a">1 electronic resource (253 p.)</subfield>
        </datafield>
        <datafield tag="520" ind1=" " ind2=" ">
          <subfield code="a">Il quarto GeoGebra Day organizzato dal Dipartimento di Matematica e dall’Istituto di GeoGebra di Torino, si è tenuto presso il liceo D’Azeglio di Torino il 3 ottobre 2014.Per la prima volta dall’inizio dei GeoGebra Day torinesi sono stati invitati esperti provenienti dalle Università e dagli Istituti di GeoGebra di altri Stati (Germania, Spagna, Francia e Australia), rendendo possibile uno scambio internazionale di idee, metodologie e buone pratiche per l’uso di GeoGebra in classe, sia in matematica, sia in fisica.Le tematiche affrontate nelle relazioni plenarie da esperti italiani e stranieri hanno riguardato la modellizzazione, il problem solving, la dimostrazione e il supporto che GeoGebra può fornire in tali attività, l’uso di strumenti e materiali, l’applicazione di metodologie laboratoriali sia nella formazione dei docenti che nel lavoro in classe.</subfield>
        </datafield>
        <datafield tag="546" ind1=" " ind2=" ">
          <subfield code="a">Italian</subfield>
        </datafield>
        <datafield tag="650" ind1=" " ind2="0">
          <subfield code="a">Mathematics</subfield>
        </datafield>
        <datafield tag="856" ind1="4" ind2="0">
          <subfield code="u">https://www.doabooks.org/doab?func=fulltext&amp;rid=19688</subfield>
          <subfield code="z">Description of rights in Directory of Open Access Books (DOAB): Attribution Non-commercial Share Alike (CC by-nc-sa)</subfield>
        </datafield>
        <datafield tag="856" ind1="4" ind2="0">
          <subfield code="u">http://www.ledizioni.it/stag/wp-content/uploads/2016/09/Geogebra_day_web.pdf</subfield>
        </datafield>
    </record>
</metadata>
</record>
<record>
<header status="deleted">
<identifier>oai:doab-books:19704</identifier>
<datestamp>2018-07-05T17:32:58Z</datestamp>
<setSpec>Mathematics_and_Statistics</setSpec>
<setSpec>publisher_1375</setSpec>
</header>
</record>
<record>
<header status="deleted">
<identifier>oai:doab-books:19706</identifier>
<datestamp>2018-07-05T17:32:58Z</datestamp>
<setSpec>Mathematics_and_Statistics</setSpec>
<setSpec>publisher_1375</setSpec>
</header>
</record>
<record>
<header status="deleted">
<identifier>oai:doab-books:19743</identifier>
<datestamp>2018-07-05T17:32:58Z</datestamp>
<setSpec>Mathematics_and_Statistics</setSpec>
<setSpec>publisher_1375</setSpec>
</header>
</record>