
<record>
<header>
<identifier>oai:doab-books:20088</identifier>
<datestamp>2018-05-14T13:33:51Z</datestamp>
<setSpec>Mathematics_and_Statistics</setSpec>
<setSpec>publisher_1161</setSpec>
</header>
<metadata>
    <record xmlns="http://www.loc.gov/MARC21/slim" xmlns:xsi="http://www.w3.org/2001/XMLSchema-instance" xsi:schemaLocation="http://www.loc.gov/standards/marcxml/schema/MARC21slim.xsd">
        <leader>     nam  22     3u     </leader>
        <controlfield tag="001">20088</controlfield>
        <controlfield tag="005">20180514</controlfield>
        <controlfield tag="007">cuuuu---auuuu</controlfield>
        <controlfield tag="008">180514s||||    xx      o     0   u ||| |</controlfield>
    <datafield tag="020" ind1=" " ind2=" ">
      <subfield code="a">9783319405681</subfield>
    </datafield>
    <datafield tag="020" ind1=" " ind2=" ">
      <subfield code="a">9783319405698</subfield>
    </datafield>
    <datafield tag="024" ind1="7" ind2=" ">
      <subfield code="a">10.1007/978-3-319-40569-8</subfield>
      <subfield code="2">doi</subfield>
    </datafield>
        <datafield tag="100" ind1="1" ind2=" ">
          <subfield code="a">Maria Bicudo</subfield>
          <subfield code="4">aut</subfield>
        </datafield>
        <datafield tag="245" ind1="1" ind2=" ">
          <subfield code="a">The Philosophy of Mathematics Education</subfield>
        </datafield>
        <datafield tag="260" ind1=" " ind2=" ">
          <subfield code="b">Springer Nature</subfield>
          <subfield code="c">2016</subfield>
        </datafield>
        <datafield tag="300" ind1=" " ind2=" ">
          <subfield code="a">1 electronic resource (26 p.)</subfield>
        </datafield>
        <datafield tag="520" ind1=" " ind2=" ">
          <subfield code="a">This survey provides a brief and selective overview of research in the philosophy of mathematics education. It asks what makes up the philosophy of mathematics education, what it means, what questions it asks and answers, and what is its overall importance and use?  It provides overviews of critical mathematics education, and the most relevant modern movements in the philosophy of mathematics. A case study is provided of an emerging research tradition in one country. This is the Hermeneutic strand of research in the philosophy of mathematics education in Brazil. This illustrates one orientation towards research inquiry in the philosophy of mathematics education. It is part of a broader practice of ‘philosophical archaeology’: the uncovering of hidden assumptions and buried ideologies within the concepts and methods of research and practice in mathematics education. An extensive bibliography is also included.</subfield>
        </datafield>
        <datafield tag="546" ind1=" " ind2=" ">
          <subfield code="a">English</subfield>
        </datafield>
        <datafield tag="650" ind1=" " ind2="0">
          <subfield code="a">Mathematics</subfield>
        </datafield>
        <datafield tag="653" ind1=" " ind2=" ">
          <subfield code="a">Mathematics Education, Philosophy of Education, Educational Philosophy</subfield>
        </datafield>
        <datafield tag="700" ind1="1" ind2=" ">
          <subfield code="a">Regina Moeller</subfield>
          <subfield code="4">aut</subfield>
        </datafield>
        <datafield tag="700" ind1="1" ind2=" ">
          <subfield code="a">Paul Ernest</subfield>
          <subfield code="4">aut</subfield>
        </datafield>
        <datafield tag="700" ind1="1" ind2=" ">
          <subfield code="a">Ole Skovsmose</subfield>
          <subfield code="4">aut</subfield>
        </datafield>
        <datafield tag="700" ind1="1" ind2=" ">
          <subfield code="a">Jean Paul van Bendegem</subfield>
          <subfield code="4">aut</subfield>
        </datafield>
        <datafield tag="700" ind1="1" ind2=" ">
          <subfield code="a">Roger Miarka</subfield>
          <subfield code="4">aut</subfield>
        </datafield>
        <datafield tag="700" ind1="1" ind2=" ">
          <subfield code="a">Ladislav Kvasz</subfield>
          <subfield code="4">aut</subfield>
        </datafield>
        <datafield tag="856" ind1="4" ind2="0">
          <subfield code="u">https://www.doabooks.org/doab?func=fulltext&amp;rid=20088</subfield>
          <subfield code="z">Description of rights in Directory of Open Access Books (DOAB): Attribution (CC by)</subfield>
        </datafield>
        <datafield tag="856" ind1="4" ind2="0">
          <subfield code="u">http://link.springer.com/978-3-319-40569-8</subfield>
        </datafield>
    </record>
</metadata>
</record>