
<record>
<header>
<identifier>oai:doab-books:20193</identifier>
<datestamp>2018-05-14T13:33:51Z</datestamp>
<setSpec>Mathematics_and_Statistics</setSpec>
<setSpec>Social_Sciences</setSpec>
<setSpec>publisher_1161</setSpec>
</header>
<metadata>
    <record xmlns="http://www.loc.gov/MARC21/slim" xmlns:xsi="http://www.w3.org/2001/XMLSchema-instance" xsi:schemaLocation="http://www.loc.gov/standards/marcxml/schema/MARC21slim.xsd">
        <leader>     nam  22     3u     </leader>
        <controlfield tag="001">20193</controlfield>
        <controlfield tag="005">20180514</controlfield>
        <controlfield tag="007">cuuuu---auuuu</controlfield>
        <controlfield tag="008">180514s||||    xx      o     0   u ||| |</controlfield>
    <datafield tag="020" ind1=" " ind2=" ">
      <subfield code="a">9783319389677</subfield>
    </datafield>
    <datafield tag="020" ind1=" " ind2=" ">
      <subfield code="a">9783319389684</subfield>
    </datafield>
    <datafield tag="024" ind1="7" ind2=" ">
      <subfield code="a">10.1007/978-3-319-38968-4</subfield>
      <subfield code="2">doi</subfield>
    </datafield>
        <datafield tag="100" ind1="1" ind2=" ">
          <subfield code="a">Lucía Zapata-Cardona</subfield>
          <subfield code="4">aut</subfield>
        </datafield>
        <datafield tag="245" ind1="1" ind2=" ">
          <subfield code="a">Empirical Research in Statistics Education</subfield>
        </datafield>
        <datafield tag="260" ind1=" " ind2=" ">
          <subfield code="b">Springer Nature</subfield>
          <subfield code="c">2016</subfield>
        </datafield>
        <datafield tag="300" ind1=" " ind2=" ">
          <subfield code="a">1 electronic resource (37 p.)</subfield>
        </datafield>
        <datafield tag="520" ind1=" " ind2=" ">
          <subfield code="a">This ICME-13 Topical Survey provides a review of recent research into statistics education, with a focus on empirical research published in established educational journals and on the proceedings of important conferences on statistics education. It identifies and addresses six key research topics, namely: teachers’ knowledge; teachers’ role in statistics education; teacher preparation; students’ knowledge; students’ role in statistics education; and how students learn statistics with the help of technology. For each topic, the survey builds upon existing reviews, complementing them with the latest research. </subfield>
        </datafield>
        <datafield tag="546" ind1=" " ind2=" ">
          <subfield code="a">English</subfield>
        </datafield>
        <datafield tag="650" ind1=" " ind2="0">
          <subfield code="a">Probabilities. Mathematical statistics</subfield>
        </datafield>
        <datafield tag="650" ind1=" " ind2="0">
          <subfield code="a">Theory and practice of education</subfield>
        </datafield>
        <datafield tag="650" ind1=" " ind2="0">
          <subfield code="a">Mathematics</subfield>
        </datafield>
        <datafield tag="653" ind1=" " ind2=" ">
          <subfield code="a">Mathematics Education</subfield>
        </datafield>
        <datafield tag="653" ind1=" " ind2=" ">
          <subfield code="a"> Learning</subfield>
        </datafield>
        <datafield tag="653" ind1=" " ind2=" ">
          <subfield code="a"> Statistics</subfield>
        </datafield>
        <datafield tag="700" ind1="1" ind2=" ">
          <subfield code="a">Andreas Eichler</subfield>
          <subfield code="4">aut</subfield>
        </datafield>
        <datafield tag="856" ind1="4" ind2="0">
          <subfield code="u">https://www.doabooks.org/doab?func=fulltext&amp;rid=20193</subfield>
          <subfield code="z">Description of rights in Directory of Open Access Books (DOAB): Attribution (CC by)</subfield>
        </datafield>
        <datafield tag="856" ind1="4" ind2="0">
          <subfield code="u">http://link.springer.com/book/10.1007/978-3-319-38968-4</subfield>
        </datafield>
    </record>
</metadata>
</record>