
<record>
<header>
<identifier>oai:doab-books:20466</identifier>
<datestamp>2018-06-06T09:10:37Z</datestamp>
<setSpec>Mathematics_and_Statistics</setSpec>
<setSpec>Physics_and_Astronomy</setSpec>
<setSpec>publisher_1222</setSpec>
</header>
<metadata>
    <record xmlns="http://www.loc.gov/MARC21/slim" xmlns:xsi="http://www.w3.org/2001/XMLSchema-instance" xsi:schemaLocation="http://www.loc.gov/standards/marcxml/schema/MARC21slim.xsd">
        <leader>     nam  22     3u     </leader>
        <controlfield tag="001">20466</controlfield>
        <controlfield tag="005">20180606</controlfield>
        <controlfield tag="007">cuuuu---auuuu</controlfield>
        <controlfield tag="008">180606s||||    xx      o     0   u ||| |</controlfield>
    <datafield tag="020" ind1=" " ind2=" ">
      <subfield code="a">9783038422976</subfield>
    </datafield>
    <datafield tag="020" ind1=" " ind2=" ">
      <subfield code="a">9783038422969</subfield>
    </datafield>
    <datafield tag="024" ind1="7" ind2=" ">
      <subfield code="a">10.3390/books978-3-03842-297-6</subfield>
      <subfield code="2">doi</subfield>
    </datafield>
        <datafield tag="100" ind1="1" ind2=" ">
          <subfield code="a">Dimitrios G. Aggelis (Ed.)</subfield>
          <subfield code="4">aut</subfield>
        </datafield>
        <datafield tag="245" ind1="1" ind2=" ">
          <subfield code="a">Acoustic and Elastic Waves: Recent Trends in Science and Engineering</subfield>
        </datafield>
        <datafield tag="260" ind1=" " ind2=" ">
          <subfield code="b">MDPI - Multidisciplinary Digital Publishing Institute</subfield>
          <subfield code="c">2017</subfield>
        </datafield>
        <datafield tag="300" ind1=" " ind2=" ">
          <subfield code="a">1 electronic resource ( XVI, 448  p.)</subfield>
        </datafield>
        <datafield tag="520" ind1=" " ind2=" ">
          <subfield code="a">The present Special Issue intends to explore new directions in the field of acoustics and ultrasonics. The interest includes, but is not limited to, the use of acoustic technology for condition monitoring of materials and structures.Topics of interest (among others):• Acoustic emission in materials and structures (without material limitation)• Innovative cases of ultrasonic inspection• Wave dispersion and waveguides• Monitoring of innovative materials• Seismic waves• Vibrations, damping and noise control• Combination of mechanical wave techniques with other types for structural health monitoring purposes.Experimental and numerical studies are welcome.</subfield>
        </datafield>
        <datafield tag="546" ind1=" " ind2=" ">
          <subfield code="a">English</subfield>
        </datafield>
        <datafield tag="650" ind1=" " ind2="0">
          <subfield code="a">Mathematics</subfield>
        </datafield>
        <datafield tag="650" ind1=" " ind2="0">
          <subfield code="a">Physics</subfield>
        </datafield>
        <datafield tag="650" ind1=" " ind2="0">
          <subfield code="a">Acoustics. Sound</subfield>
        </datafield>
        <datafield tag="653" ind1=" " ind2=" ">
          <subfield code="a">Acoustic emission in materials and structures (without material limitation), Innovative cases of ultrasonic inspection, Wave dispersion and waveguides, Monitoring of innovative materials, Seismic waves, Vibrations, damping and noise control, Combination of mechanical wave techniques with other types for structural health monitoring purposes</subfield>
        </datafield>
        <datafield tag="700" ind1="1" ind2=" ">
          <subfield code="a">Nathalie Godin (Ed.)</subfield>
          <subfield code="4">aut</subfield>
        </datafield>
        <datafield tag="856" ind1="4" ind2="0">
          <subfield code="u">https://www.doabooks.org/doab?func=fulltext&amp;rid=20466</subfield>
          <subfield code="z">Description of rights in Directory of Open Access Books (DOAB): Attribution Non-commercial No Derivatives (CC by-nc-nd)</subfield>
        </datafield>
        <datafield tag="856" ind1="4" ind2="0">
          <subfield code="u">http://www.mdpi.com/books/pdfview/book/258</subfield>
        </datafield>
    </record>
</metadata>
</record>