
<record>
<header>
<identifier>oai:doab-books:21869</identifier>
<datestamp>2019-07-16T15:22:49Z</datestamp>
<setSpec>Mathematics_and_Statistics</setSpec>
<setSpec>publisher_1251</setSpec>
</header>
<metadata>
    <record xmlns="http://www.loc.gov/MARC21/slim" xmlns:xsi="http://www.w3.org/2001/XMLSchema-instance" xsi:schemaLocation="http://www.loc.gov/standards/marcxml/schema/MARC21slim.xsd">
        <leader>     nam  22     3u     </leader>
        <controlfield tag="001">21869</controlfield>
        <controlfield tag="005">20190716</controlfield>
        <controlfield tag="007">cuuuu---auuuu</controlfield>
        <controlfield tag="008">190716s||||    xx      o     0   u ||| |</controlfield>
    <datafield tag="020" ind1=" " ind2=" ">
      <subfield code="a">9788568334393</subfield>
    </datafield>
    <datafield tag="024" ind1="7" ind2=" ">
      <subfield code="a">10.7476/9788568334393</subfield>
      <subfield code="2">doi</subfield>
    </datafield>
        <datafield tag="100" ind1="1" ind2=" ">
          <subfield code="a">Andrade, Antonio Aparecido de</subfield>
          <subfield code="4">aut</subfield>
        </datafield>
        <datafield tag="245" ind1="1" ind2=" ">
          <subfield code="a">Reticulados via corpos ciclotômicos</subfield>
        </datafield>
        <datafield tag="260" ind1=" " ind2=" ">
          <subfield code="b">SciELO Books - Editora UNESP</subfield>
          <subfield code="c">2014</subfield>
        </datafield>
        <datafield tag="300" ind1=" " ind2=" ">
          <subfield code="a">1 electronic resource (194 p.)</subfield>
        </datafield>
        <datafield tag="520" ind1=" " ind2=" ">
          <subfield code="a">O primeiro capítulo, assim, introduz osconceitos de módulo, inteiro algébrico, norma e traço de um elemento,discriminante, base integral, anel de Dedekind e outros conceitosindispensáveis ao desenvolvimento dos demais capítulos. Estuda ainda as formas quadráticas, as quais se aplicam para determinar o raio de empacotamento da realização geométricade um ideal em questão.O capítulo 2 apresenta um estudo sobre corpos de números, com ênfase nos anéis dos inteiros e discriminantes de corpos quadráticos e ciclotômicos, além de abordar a decomposição de um ideal primo em uma extensão fazendo uso do Teorema de Kummer.As definições de reticulado, empacotamento esférico, volume e densidade de centro são abordadas no terceiro capítulo, que ainda trata do método de Minkowski para obtenção de reticulados via representação geométrica de ideais dos anéis de inteiros algébricos.</subfield>
        </datafield>
        <datafield tag="546" ind1=" " ind2=" ">
          <subfield code="a">Portuguese</subfield>
        </datafield>
        <datafield tag="650" ind1=" " ind2="0">
          <subfield code="a">Mathematics</subfield>
        </datafield>
        <datafield tag="653" ind1=" " ind2=" ">
          <subfield code="a">MATHEMATICS</subfield>
        </datafield>
        <datafield tag="700" ind1="1" ind2=" ">
          <subfield code="a">Alves, Carina</subfield>
          <subfield code="4">aut</subfield>
        </datafield>
        <datafield tag="856" ind1="4" ind2="0">
          <subfield code="u">https://www.doabooks.org/doab?func=fulltext&amp;rid=21869</subfield>
          <subfield code="z">Description of rights in Directory of Open Access Books (DOAB): Attribution (CC by)</subfield>
        </datafield>
        <datafield tag="856" ind1="4" ind2="0">
          <subfield code="u">http://books.scielo.org/id/7jqhc</subfield>
        </datafield>
    </record>
</metadata>
</record>