
<record>
<header>
<identifier>oai:doab-books:21950</identifier>
<datestamp>2018-06-06T09:10:37Z</datestamp>
<setSpec>Biology_and_Life_Sciences</setSpec>
<setSpec>Health_Sciences</setSpec>
<setSpec>Mathematics_and_Statistics</setSpec>
<setSpec>publisher_1222</setSpec>
</header>
<metadata>
    <record xmlns="http://www.loc.gov/MARC21/slim" xmlns:xsi="http://www.w3.org/2001/XMLSchema-instance" xsi:schemaLocation="http://www.loc.gov/standards/marcxml/schema/MARC21slim.xsd">
        <leader>     nam  22     3u     </leader>
        <controlfield tag="001">21950</controlfield>
        <controlfield tag="005">20180606</controlfield>
        <controlfield tag="007">cuuuu---auuuu</controlfield>
        <controlfield tag="008">180606s||||    xx      o     0   u ||| |</controlfield>
    <datafield tag="020" ind1=" " ind2=" ">
      <subfield code="a">9783038423874</subfield>
    </datafield>
    <datafield tag="020" ind1=" " ind2=" ">
      <subfield code="a">9783038423867</subfield>
    </datafield>
        <datafield tag="100" ind1="1" ind2=" ">
          <subfield code="a">Enzo Pasquale Scilingo</subfield>
          <subfield code="4">aut</subfield>
        </datafield>
        <datafield tag="245" ind1="1" ind2=" ">
          <subfield code="a">Wearable Electronics and Embedded Computing Systems</subfield>
        </datafield>
        <datafield tag="260" ind1=" " ind2=" ">
          <subfield code="b">MDPI - Multidisciplinary Digital Publishing Institute</subfield>
          <subfield code="c">2017</subfield>
        </datafield>
        <datafield tag="300" ind1=" " ind2=" ">
          <subfield code="a">1 electronic resource (XII, 242 p.)</subfield>
        </datafield>
        <datafield tag="520" ind1=" " ind2=" ">
          <subfield code="a">Wearable electronics and embedded computing systems have been receiving a great deal of interest over the last two decades in research and commercial fields, with a special focus on biomedical applications. The key benefits introduced by these systems include their small size, lightweight, low-power consumption, and, of course, wearability. Major human-centered applications are related to medicine, enabling outpatient care and enhancing the quality of life for chronic disease patients, maybe preventing unnecessary hospitalization. These technological devices can indeed be cost effective and provide doctors with more accurate and reliable data.Exemplary engineering input has focused on developing innovative sensing platforms, adaptable to different environments and user needs, smart textile technology, miniaturized electronics and sensors, energy harvesting, wireless body area networks, and so on. This has provided the possibility of gathering information on several activities, such as during daily activities or sleep, during specific tasks, at home, in the lab, and in the clinic, in the form of physiological signals.This book includes cutting-edge research articles, as well as reviews describing and assessing wearable devices, or proposing novel wearable sensors, computational efficient algorithms for physiological signal processing through embedded computing, collection of environmental/behavioral/psychological data, data fusion, detection and quantification of symptoms, decision support for medical doctors, and communication between patient and doctor.</subfield>
        </datafield>
        <datafield tag="546" ind1=" " ind2=" ">
          <subfield code="a">English</subfield>
        </datafield>
        <datafield tag="650" ind1=" " ind2="0">
          <subfield code="a">Biology (General)</subfield>
        </datafield>
        <datafield tag="650" ind1=" " ind2="0">
          <subfield code="a">Internal medicine</subfield>
        </datafield>
        <datafield tag="650" ind1=" " ind2="0">
          <subfield code="a">Mathematics</subfield>
        </datafield>
        <datafield tag="653" ind1=" " ind2=" ">
          <subfield code="a">Wearable systems, biomedical signal, signal processing, electronics, physiological data, biomedical sensors, human-computer interaction, haptics, monitoring</subfield>
        </datafield>
        <datafield tag="700" ind1="1" ind2=" ">
          <subfield code="a">Gaetano Valenza </subfield>
          <subfield code="4">aut</subfield>
        </datafield>
        <datafield tag="856" ind1="4" ind2="0">
          <subfield code="u">https://www.doabooks.org/doab?func=fulltext&amp;rid=21950</subfield>
          <subfield code="z">Description of rights in Directory of Open Access Books (DOAB): Attribution Non-commercial No Derivatives (CC by-nc-nd)</subfield>
        </datafield>
        <datafield tag="856" ind1="4" ind2="0">
          <subfield code="u">http://www.mdpi.com/books/pdfview/book/287</subfield>
        </datafield>
    </record>
</metadata>
</record>
<record>
<header status="deleted">
<identifier>oai:doab-books:22198</identifier>
<datestamp>2018-06-06T09:10:37Z</datestamp>
<setSpec>Social_Sciences</setSpec>
<setSpec>Mathematics_and_Statistics</setSpec>
<setSpec>publisher_1132</setSpec>
</header>
</record>