
<record>
<header>
<identifier>oai:doab-books:22549</identifier>
<datestamp>2020-05-02T23:09:53Z</datestamp>
<setSpec>Mathematics_and_Statistics</setSpec>
<setSpec>publisher_1222</setSpec>
</header>
<metadata>
    <record xmlns="http://www.loc.gov/MARC21/slim" xmlns:xsi="http://www.w3.org/2001/XMLSchema-instance" xsi:schemaLocation="http://www.loc.gov/standards/marcxml/schema/MARC21slim.xsd">
        <leader>     nam  22     3u     </leader>
        <controlfield tag="001">22549</controlfield>
        <controlfield tag="005">20200502</controlfield>
        <controlfield tag="007">cuuuu---auuuu</controlfield>
        <controlfield tag="008">200502s||||    xx      o     0   u ||| |</controlfield>
    <datafield tag="020" ind1=" " ind2=" ">
      <subfield code="a">9783038424413</subfield>
    </datafield>
    <datafield tag="020" ind1=" " ind2=" ">
      <subfield code="a">9783038424406</subfield>
    </datafield>
        <datafield tag="100" ind1="1" ind2=" ">
          <subfield code="a">Gianfranco Minati</subfield>
          <subfield code="4">aut</subfield>
        </datafield>
        <datafield tag="245" ind1="1" ind2=" ">
          <subfield code="a">Second Generation General System Theory: Perspectives in Philosophy and Approaches in Complex Systems</subfield>
        </datafield>
        <datafield tag="260" ind1=" " ind2=" ">
          <subfield code="b">MDPI - Multidisciplinary Digital Publishing Institute</subfield>
          <subfield code="c"></subfield>
        </datafield>
        <datafield tag="300" ind1=" " ind2=" ">
          <subfield code="a">1 electronic resource ( p.)</subfield>
        </datafield>
        <datafield tag="520" ind1=" " ind2=" ">
          <subfield code="a">Following the classical work of Norbert Wiener, Ross Ashby, Ludwig von Bertalanffy and many others, the concept of System has been elaborated in different disciplinary fields, allowing interdisciplinary approaches in areas such as Physics, Biology, Chemistry, Cognitive Science, Economics, Engineering, Social Sciences, Mathematics, Medicine, Artificial Intelligence, and Philosophy. The new challenge of Complexity and Emergence has made the concept of System even more relevant to the study of problems with high contextuality. This Special Issue focuses on the nature of new problems arising from the study and modelling of complexity, their eventual common aspects, properties and approaches—already partially considered by different disciplines—as well as focusing on new, possibly unitary, theoretical frameworks. This Special Issue aims to introduce fresh impetus into systems research when the possible detection and correction of mistakes require the development of new knowledge. This book contains contributions presenting new approaches and results, problems and proposals. The context is an interdisciplinary framework dealing, in order, with electronic engineering problems; the problem of the observer; transdisciplinarity; problems of organised complexity; theoretical incompleteness; design of digital systems in a user-centred way; reaction networks as a framework for systems modelling; emergence of a stable system in reaction networks; emergence at the fundamental systems level; behavioural realization of memoryless functions.</subfield>
        </datafield>
        <datafield tag="546" ind1=" " ind2=" ">
          <subfield code="a">English</subfield>
        </datafield>
        <datafield tag="650" ind1=" " ind2="0">
          <subfield code="a">Mathematics</subfield>
        </datafield>
        <datafield tag="653" ind1=" " ind2=" ">
          <subfield code="a">Coherence</subfield>
        </datafield>
        <datafield tag="653" ind1=" " ind2=" ">
          <subfield code="a">Complexity</subfield>
        </datafield>
        <datafield tag="653" ind1=" " ind2=" ">
          <subfield code="a">Computation</subfield>
        </datafield>
        <datafield tag="653" ind1=" " ind2=" ">
          <subfield code="a">Cybernetic Approach</subfield>
        </datafield>
        <datafield tag="653" ind1=" " ind2=" ">
          <subfield code="a">Design</subfield>
        </datafield>
        <datafield tag="653" ind1=" " ind2=" ">
          <subfield code="a">Emergence</subfield>
        </datafield>
        <datafield tag="653" ind1=" " ind2=" ">
          <subfield code="a">Incompleteness</subfield>
        </datafield>
        <datafield tag="653" ind1=" " ind2=" ">
          <subfield code="a">Irreversibility</subfield>
        </datafield>
        <datafield tag="653" ind1=" " ind2=" ">
          <subfield code="a">Memory Less Functions</subfield>
        </datafield>
        <datafield tag="653" ind1=" " ind2=" ">
          <subfield code="a">Meta-Structures</subfield>
        </datafield>
        <datafield tag="653" ind1=" " ind2=" ">
          <subfield code="a">Noise</subfield>
        </datafield>
        <datafield tag="653" ind1=" " ind2=" ">
          <subfield code="a">Non-Linearity</subfield>
        </datafield>
        <datafield tag="653" ind1=" " ind2=" ">
          <subfield code="a">Non-Linearity</subfield>
        </datafield>
        <datafield tag="653" ind1=" " ind2=" ">
          <subfield code="a">Observer</subfield>
        </datafield>
        <datafield tag="653" ind1=" " ind2=" ">
          <subfield code="a">Organisations</subfield>
        </datafield>
        <datafield tag="653" ind1=" " ind2=" ">
          <subfield code="a">Power Laws</subfield>
        </datafield>
        <datafield tag="653" ind1=" " ind2=" ">
          <subfield code="a">Quantum-Like Systems</subfield>
        </datafield>
        <datafield tag="653" ind1=" " ind2=" ">
          <subfield code="a">Reaction Networks</subfield>
        </datafield>
        <datafield tag="653" ind1=" " ind2=" ">
          <subfield code="a">Scale Invariance</subfield>
        </datafield>
        <datafield tag="653" ind1=" " ind2=" ">
          <subfield code="a">Self-Organisation</subfield>
        </datafield>
        <datafield tag="653" ind1=" " ind2=" ">
          <subfield code="a">Simulations</subfield>
        </datafield>
        <datafield tag="653" ind1=" " ind2=" ">
          <subfield code="a">Systems</subfield>
        </datafield>
        <datafield tag="653" ind1=" " ind2=" ">
          <subfield code="a">Uncertainty</subfield>
        </datafield>
        <datafield tag="653" ind1=" " ind2=" ">
          <subfield code="a">Uniqueness</subfield>
        </datafield>
        <datafield tag="700" ind1="1" ind2=" ">
          <subfield code="a">Eliano Pessa</subfield>
          <subfield code="4">aut</subfield>
        </datafield>
        <datafield tag="700" ind1="1" ind2=" ">
          <subfield code="a">Ignazio Licata</subfield>
          <subfield code="4">aut</subfield>
        </datafield>
        <datafield tag="856" ind1="4" ind2="0">
          <subfield code="u">https://www.doabooks.org/doab?func=fulltext&amp;rid=22549</subfield>
          <subfield code="z">Description of rights in Directory of Open Access Books (DOAB): Attribution Non-commercial No Derivatives (CC by-nc-nd)</subfield>
        </datafield>
        <datafield tag="856" ind1="4" ind2="0">
          <subfield code="u">http://www.mdpi.com/books/pdfview/book/325</subfield>
        </datafield>
    </record>
</metadata>
</record>