
<record>
<header>
<identifier>oai:doab-books:23256</identifier>
<datestamp>2019-02-06T18:45:35Z</datestamp>
<setSpec>Mathematics_and_Statistics</setSpec>
<setSpec>publisher_1145</setSpec>
</header>
<metadata>
    <record xmlns="http://www.loc.gov/MARC21/slim" xmlns:xsi="http://www.w3.org/2001/XMLSchema-instance" xsi:schemaLocation="http://www.loc.gov/standards/marcxml/schema/MARC21slim.xsd">
        <leader>     nam  22     3u     </leader>
        <controlfield tag="001">23256</controlfield>
        <controlfield tag="005">20190206</controlfield>
        <controlfield tag="007">cuuuu---auuuu</controlfield>
        <controlfield tag="008">190206s||||    xx      o     0   u ||| |</controlfield>
    <datafield tag="020" ind1=" " ind2=" ">
      <subfield code="a">9783110550887</subfield>
    </datafield>
    <datafield tag="020" ind1=" " ind2=" ">
      <subfield code="a">9783110551181</subfield>
    </datafield>
    <datafield tag="024" ind1="7" ind2=" ">
      <subfield code="a">10.1515/9783110550887</subfield>
      <subfield code="2">doi</subfield>
    </datafield>
        <datafield tag="100" ind1="1" ind2=" ">
          <subfield code="a">Henrot, Antoine</subfield>
          <subfield code="4">aut</subfield>
        </datafield>
        <datafield tag="245" ind1="1" ind2=" ">
          <subfield code="a">Shape optimization and spectral theory</subfield>
        </datafield>
        <datafield tag="260" ind1=" " ind2=" ">
          <subfield code="b">De Gruyter</subfield>
          <subfield code="c">2017</subfield>
        </datafield>
        <datafield tag="300" ind1=" " ind2=" ">
          <subfield code="a">1 electronic resource (474 p.)</subfield>
        </datafield>
        <datafield tag="520" ind1=" " ind2=" ">
          <subfield code="a">„Shape optimization and spectral theory” is a survey book aiming to give an overview of recent results in spectral geometry and its links with shape optimization.It covers most of the issues which are important for people working in PDE and differential geometry interested in sharp inequalities and qualitative behaviour for eigenvalues of the Laplacian with different kind of boundary conditions (Dirichlet, Robin and Steklov). This includes: existence of optimal shapes, their regularity, the case of special domains like triangles, isospectrality, quantitative form of the isoperimetric inequalities, optimal partitions, universal inequalities and numerical results.Much progress has been made in these extremum problems during the last ten years and this edited volume presents a valuable update to a wide community interested in these topics.</subfield>
        </datafield>
        <datafield tag="546" ind1=" " ind2=" ">
          <subfield code="a">English</subfield>
        </datafield>
        <datafield tag="650" ind1=" " ind2="0">
          <subfield code="a">Mathematics</subfield>
        </datafield>
        <datafield tag="856" ind1="4" ind2="0">
          <subfield code="u">https://www.doabooks.org/doab?func=fulltext&amp;rid=23256</subfield>
          <subfield code="z">Description of rights in Directory of Open Access Books (DOAB): Attribution Non-commercial No Derivatives (CC by-nc-nd)</subfield>
        </datafield>
        <datafield tag="856" ind1="4" ind2="0">
          <subfield code="u">https://doi.org/10.1515/9783110550887</subfield>
        </datafield>
    </record>
</metadata>
</record>