
<record>
<header>
<identifier>oai:doab-books:23602</identifier>
<datestamp>2018-06-06T09:10:37Z</datestamp>
<setSpec>Mathematics_and_Statistics</setSpec>
<setSpec>publisher_1222</setSpec>
</header>
<metadata>
    <record xmlns="http://www.loc.gov/MARC21/slim" xmlns:xsi="http://www.w3.org/2001/XMLSchema-instance" xsi:schemaLocation="http://www.loc.gov/standards/marcxml/schema/MARC21slim.xsd">
        <leader>     nam  22     3u     </leader>
        <controlfield tag="001">23602</controlfield>
        <controlfield tag="005">20180606</controlfield>
        <controlfield tag="007">cuuuu---auuuu</controlfield>
        <controlfield tag="008">180606s||||    xx      o     0   u ||| |</controlfield>
    <datafield tag="020" ind1=" " ind2=" ">
      <subfield code="a">9783038424963</subfield>
    </datafield>
    <datafield tag="020" ind1=" " ind2=" ">
      <subfield code="a">9783038424970</subfield>
    </datafield>
        <datafield tag="100" ind1="1" ind2=" ">
          <subfield code="a">Lewis Griffin (Ed.)</subfield>
          <subfield code="4">aut</subfield>
        </datafield>
        <datafield tag="245" ind1="1" ind2=" ">
          <subfield code="a">Symmetry in Vision</subfield>
        </datafield>
        <datafield tag="260" ind1=" " ind2=" ">
          <subfield code="b">MDPI - Multidisciplinary Digital Publishing Institute</subfield>
          <subfield code="c">2017</subfield>
        </datafield>
        <datafield tag="300" ind1=" " ind2=" ">
          <subfield code="a">1 electronic resource (X, 198 p.)</subfield>
        </datafield>
        <datafield tag="520" ind1=" " ind2=" ">
          <subfield code="a">Symmetry has a central role in the study of vision. The concept of symmetry has an ancient origin in considerations of visual appearance; in modern times, abstracted and formalized into Group Theory, it has found spectacular applications, far beyond the visible; but its importance for vision persists in many ways including:• As a non-accidental feature of an image that cues affordances, 3D structure or the semantic categories of object present.• As a redundant aspect of an image which many be exploited for simplicity and compactness of encoding.• As a salient feature that draws attention, and evokes distinctive brain responses.• As a constraint on priors on the distribution of structures to be found in the natural world.• As an aesthetic principle.• As a design principle for vision systems.• The original idea for a Special Issue came from a symposium at the European Conference in Visual Perception, in 2015, on the topic of brain responses to visual symmetry, but we have now extended the scope. This Special Issue is devoted to provide a shared place for cutting edge studies on how and why symmetry is processed and exploited by biological and artificial visual systems.</subfield>
        </datafield>
        <datafield tag="546" ind1=" " ind2=" ">
          <subfield code="a">English</subfield>
        </datafield>
        <datafield tag="650" ind1=" " ind2="0">
          <subfield code="a">Mathematics</subfield>
        </datafield>
        <datafield tag="653" ind1=" " ind2=" ">
          <subfield code="a">Symmetry</subfield>
        </datafield>
        <datafield tag="653" ind1=" " ind2=" ">
          <subfield code="a"> image processing</subfield>
        </datafield>
        <datafield tag="653" ind1=" " ind2=" ">
          <subfield code="a"> 3D shape</subfield>
        </datafield>
        <datafield tag="653" ind1=" " ind2=" ">
          <subfield code="a"> vision</subfield>
        </datafield>
        <datafield tag="653" ind1=" " ind2=" ">
          <subfield code="a"> visual perception</subfield>
        </datafield>
        <datafield tag="653" ind1=" " ind2=" ">
          <subfield code="a"> visual preference</subfield>
        </datafield>
        <datafield tag="653" ind1=" " ind2=" ">
          <subfield code="a"> perceptual grouping</subfield>
        </datafield>
        <datafield tag="700" ind1="1" ind2=" ">
          <subfield code="a">Marco Bertamini (Ed.)</subfield>
          <subfield code="4">aut</subfield>
        </datafield>
        <datafield tag="856" ind1="4" ind2="0">
          <subfield code="u">https://www.doabooks.org/doab?func=fulltext&amp;rid=23602</subfield>
          <subfield code="z">Description of rights in Directory of Open Access Books (DOAB): Attribution Non-commercial No Derivatives (CC by-nc-nd)</subfield>
        </datafield>
        <datafield tag="856" ind1="4" ind2="0">
          <subfield code="u">http://www.mdpi.com/journal/symmetry/special_issues/symmetry_vision</subfield>
        </datafield>
    </record>
</metadata>
</record>
<resumptionToken cursor="0" completeListSize="389">Mathematics_and_Statistics:::marcxml:100</resumptionToken>
</ListRecords>

</OAI-PMH>
